% DR1
@ARTICLE{abazajian_etal_03,
   author = {{Abazajian}, K. and {Adelman-McCarthy}, J.~K. and {Ag{\" u}eros}, M.~A. and 
	{Allam}, S.~S. and {Anderson}, S.~F. and {Annis}, J. and {Bahcall}, N.~A. and 
	{Baldry}, I.~K. and {Bastian}, S. and {Berlind}, A. and {Bernardi}, M. and 
	{Blanton}, M.~R. and {Blythe}, N. and {Bochanski}, J.~J. and 
	{Boroski}, W.~N. and {Brewington}, H. and {Briggs}, J.~W. and 
	{Brinkmann}, J. and {Brunner}, R.~J. and {Budav{\' a}ri}, T. and 
	{Carey}, L.~N. and {Carr}, M.~A. and {Castander}, F.~J. and 
	{Chiu}, K. and {Collinge}, M.~J. and {Connolly}, A.~J. and {Covey}, K.~R. and 
	{Csabai}, I. and {Dalcanton}, J.~J. and {Dodelson}, S. and {Doi}, M. and 
	{Dong}, F. and {Eisenstein}, D.~J. and {Evans}, M.~L. and {Fan}, X. and 
	{Feldman}, P.~D. and {Finkbeiner}, D.~P. and {Friedman}, S.~D. and 
	{Frieman}, J.~A. and {Fukugita}, M. and {Gal}, R.~R. and {Gillespie}, B. and 
	{Glazebrook}, K. and {Gonzalez}, C.~F. and {Gray}, J. and {Grebel}, E.~K. and 
	{Grodnicki}, L. and {Gunn}, J.~E. and {Gurbani}, V.~K. and {Hall}, P.~B. and 
	{Hao}, L. and {Harbeck}, D. and {Harris}, F.~H. and {Harris}, H.~C. and 
	{Harvanek}, M. and {Hawley}, S.~L. and {Heckman}, T.~M. and 
	{Helmboldt}, J.~F. and {Hendry}, J.~S. and {Hennessy}, G.~S. and 
	{Hindsley}, R.~B. and {Hogg}, D.~W. and {Holmgren}, D.~J. and 
	{Holtzman}, J.~A. and {Homer}, L. and {Hui}, L. and {Ichikawa}, S. and 
	{Ichikawa}, T. and {Inkmann}, J.~P. and {Ivezi{\' c}}, {\v Z}. and 
	{Jester}, S. and {Johnston}, D.~E. and {Jordan}, B. and {Jordan}, W.~P. and 
	{Jorgensen}, A.~M. and {Juri{\' c}}, M. and {Kauffmann}, G. and 
	{Kent}, S.~M. and {Kleinman}, S.~J. and {Knapp}, G.~R. and {Kniazev}, A.~Y. and 
	{Kron}, R.~G. and {Krzesi{\' n}ski}, J. and {Kunszt}, P.~Z. and 
	{Kuropatkin}, N. and {Lamb}, D.~Q. and {Lampeitl}, H. and {Laubscher}, B.~E. and 
	{Lee}, B.~C. and {Leger}, R.~F. and {Li}, N. and {Lidz}, A. and 
	{Lin}, H. and {Loh}, Y. and {Long}, D.~C. and {Loveday}, J. and 
	{Lupton}, R.~H. and {Malik}, T. and {Margon}, B. and {McGehee}, P.~M. and 
	{McKay}, T.~A. and {Meiksin}, A. and {Miknaitis}, G.~A. and 
	{Moorthy}, B.~K. and {Munn}, J.~A. and {Murphy}, T. and {Nakajima}, R. and 
	{Narayanan}, V.~K. and {Nash}, T. and {Neilsen}, E.~H. and {Newberg}, H.~J. and 
	{Newman}, P.~R. and {Nichol}, R.~C. and {Nicinski}, T. and {Nieto-Santisteban}, M. and 
	{Nitta}, A. and {Odenkirchen}, M. and {Okamura}, S. and {Ostriker}, J.~P. and 
	{Owen}, R. and {Padmanabhan}, N. and {Peoples}, J. and {Pier}, J.~R. and 
	{Pindor}, B. and {Pope}, A.~C. and {Quinn}, T.~R. and {Rafikov}, R.~R. and 
	{Raymond}, S.~N. and {Richards}, G.~T. and {Richmond}, M.~W. and 
	{Rix}, H. and {Rockosi}, C.~M. and {Schaye}, J. and {Schlegel}, D.~J. and 
	{Schneider}, D.~P. and {Schroeder}, J. and {Scranton}, R. and 
	{Sekiguchi}, M. and {Seljak}, U. and {Sergey}, G. and {Sesar}, B. and 
	{Sheldon}, E. and {Shimasaku}, K. and {Siegmund}, W.~A. and 
	{Silvestri}, N.~M. and {Sinisgalli}, A.~J. and {Sirko}, E. and 
	{Smith}, J.~A. and {Smol{\v c}i{\' c}}, V. and {Snedden}, S.~A. and 
	{Stebbins}, A. and {Steinhardt}, C. and {Stinson}, G. and {Stoughton}, C. and 
	{Strateva}, I.~V. and {Strauss}, M.~A. and {SubbaRao}, M. and 
	{Szalay}, A.~S. and {Szapudi}, I. and {Szkody}, P. and {Tasca}, L. and 
	{Tegmark}, M. and {Thakar}, A.~R. and {Tremonti}, C. and {Tucker}, D.~L. and 
	{Uomoto}, A. and {Vanden Berk}, D.~E. and {Vandenberg}, J. and 
	{Vogeley}, M.~S. and {Voges}, W. and {Vogt}, N.~P. and {Walkowicz}, L.~M. and 
	{Weinberg}, D.~H. and {West}, A.~A. and {White}, S.~D.~M. and 
	{Wilhite}, B.~C. and {Willman}, B. and {Xu}, Y. and {Yanny}, B. and 
	{Yarger}, J. and {Yasuda}, N. and {Yip}, C. and {Yocum}, D.~R. and 
	{York}, D.~G. and {Zakamska}, N.~L. and {Zehavi}, I. and {Zheng}, W. and 
	{Zibetti}, S. and {Zucker}, D.~B.},
    title = "{The First Data Release of the Sloan Digital Sky Survey}",
  journal = {\aj},
     year = 2003,
    month = oct,
   volume = 126,
    pages = {2081-2086},
      doi = {10.1086/378165},
   adsurl = {http://adsabs.harvard.edu/cgi-bin/nph-bib_query?bibcode=2003AJ....126.2081A&db_key=AST},
  adsnote = {Provided by the Smithsonian/NASA Astrophysics Data System}
}

% DR2
@ARTICLE{abazajian_etal_04,
   author = {{Abazajian}, K. and {Adelman-McCarthy}, J.~K. and {Ag{\" u}eros}, M.~A. and 
	{Allam}, S.~S. and {Anderson}, K.~S.~J. and {Anderson}, S.~F. and 
	{Annis}, J. and {Bahcall}, N.~A. and {Baldry}, I.~K. and {Bastian}, S. and 
	{Berlind}, A. and {Bernardi}, M. and {Blanton}, M.~R. and {Bochanski}, J.~J. and 
	{Boroski}, W.~N. and {Briggs}, J.~W. and {Brinkmann}, J. and 
	{Brunner}, R.~J. and {Budav{\' a}ri}, T. and {Carey}, L.~N. and 
	{Carliles}, S. and {Castander}, F.~J. and {Connolly}, A.~J. and 
	{Csabai}, I. and {Doi}, M. and {Dong}, F. and {Eisenstein}, D.~J. and 
	{Evans}, M.~L. and {Fan}, X. and {Finkbeiner}, D.~P. and {Friedman}, S.~D. and 
	{Frieman}, J.~A. and {Fukugita}, M. and {Gal}, R.~R. and {Gillespie}, B. and 
	{Glazebrook}, K. and {Gray}, J. and {Grebel}, E.~K. and {Gunn}, J.~E. and 
	{Gurbani}, V.~K. and {Hall}, P.~B. and {Hamabe}, M. and {Harris}, F.~H. and 
	{Harris}, H.~C. and {Harvanek}, M. and {Heckman}, T.~M. and 
	{Hendry}, J.~S. and {Hennessy}, G.~S. and {Hindsley}, R.~B. and 
	{Hogan}, C.~J. and {Hogg}, D.~W. and {Holmgren}, D.~J. and {Ichikawa}, S. and 
	{Ichikawa}, T. and {Ivezi{\' c}}, {\v Z}. and {Jester}, S. and 
	{Johnston}, D.~E. and {Jorgensen}, A.~M. and {Kent}, S.~M. and 
	{Kleinman}, S.~J. and {Knapp}, G.~R. and {Kniazev}, A.~Y. and 
	{Kron}, R.~G. and {Krzesinski}, J. and {Kunszt}, P.~Z. and {Kuropatkin}, N. and 
	{Lamb}, D.~Q. and {Lampeitl}, H. and {Lee}, B.~C. and {Leger}, R.~F. and 
	{Li}, N. and {Lin}, H. and {Loh}, Y. and {Long}, D.~C. and {Loveday}, J. and 
	{Lupton}, R.~H. and {Malik}, T. and {Margon}, B. and {Matsubara}, T. and 
	{McGehee}, P.~M. and {McKay}, T.~A. and {Meiksin}, A. and {Munn}, J.~A. and 
	{Nakajima}, R. and {Nash}, T. and {Neilsen}, E.~H. and {Newberg}, H.~J. and 
	{Newman}, P.~R. and {Nichol}, R.~C. and {Nicinski}, T. and {Nieto-Santisteban}, M. and 
	{Nitta}, A. and {Okamura}, S. and {O'Mullane}, W. and {Ostriker}, J.~P. and 
	{Owen}, R. and {Padmanabhan}, N. and {Peoples}, J. and {Pier}, J.~R. and 
	{Pope}, A.~C. and {Quinn}, T.~R. and {Richards}, G.~T. and {Richmond}, M.~W. and 
	{Rix}, H. and {Rockosi}, C.~M. and {Schlegel}, D.~J. and {Schneider}, D.~P. and 
	{Scranton}, R. and {Sekiguchi}, M. and {Seljak}, U. and {Sergey}, G. and 
	{Sesar}, B. and {Sheldon}, E. and {Shimasaku}, K. and {Siegmund}, W.~A. and 
	{Silvestri}, N.~M. and {Smith}, J.~A. and {Smol{\v c}i{\' c}}, V. and 
	{Snedden}, S.~A. and {Stebbins}, A. and {Stoughton}, C. and 
	{Strauss}, M.~A. and {SubbaRao}, M. and {Szalay}, A.~S. and 
	{Szapudi}, I. and {Szkody}, P. and {Szokoly}, G.~P. and {Tegmark}, M. and 
	{Teodoro}, L. and {Thakar}, A.~R. and {Tremonti}, C. and {Tucker}, D.~L. and 
	{Uomoto}, A. and {Vanden Berk}, D.~E. and {Vandenberg}, J. and 
	{Vogeley}, M.~S. and {Voges}, W. and {Vogt}, N.~P. and {Walkowicz}, L.~M. and 
	{Wang}, S. and {Weinberg}, D.~H. and {West}, A.~A. and {White}, S.~D.~M. and 
	{Wilhite}, B.~C. and {Xu}, Y. and {Yanny}, B. and {Yasuda}, N. and 
	{Yip}, C. and {Yocum}, D.~R. and {York}, D.~G. and {Zehavi}, I. and 
	{Zibetti}, S. and {Zucker}, D.~B.},
    title = "{The Second Data Release of the Sloan Digital Sky Survey}",
  journal = {\aj},
     year = 2004,
    month = jul,
   volume = 128,
    pages = {502-512},
      doi = {10.1086/421365},
   adsurl = {http://adsabs.harvard.edu/cgi-bin/nph-bib_query?bibcode=2004AJ....128..502A&db_key=AST},
  adsnote = {Provided by the Smithsonian/NASA Astrophysics Data System}
}

% DR3
@ARTICLE{abazajian_etal_05,
   author = {{Abazajian}, K. and {Adelman-McCarthy}, J.~K. and {Ag{\" u}eros}, M.~A. and 
	{Allam}, S.~S. and {Anderson}, K.~S.~J. and {Anderson}, S.~F. and 
	{Annis}, J. and {Bahcall}, N.~A. and {Baldry}, I.~K. and {Bastian}, S. and 
	{Berlind}, A. and {Bernardi}, M. and {Blanton}, M.~R. and {Bochanski}, J.~J. and 
	{Boroski}, W.~N. and {Brewington}, H.~J. and {Briggs}, J.~W. and 
	{Brinkmann}, J. and {Brunner}, R.~J. and {Budav{\' a}ri}, T. and 
	{Carey}, L.~N. and {Castander}, F.~J. and {Connolly}, A.~J. and 
	{Covey}, K.~R. and {Csabai}, I. and {Dalcanton}, J.~J. and {Doi}, M. and 
	{Dong}, F. and {Eisenstein}, D.~J. and {Evans}, M.~L. and {Fan}, X. and 
	{Finkbeiner}, D.~P. and {Friedman}, S.~D. and {Frieman}, J.~A. and 
	{Fukugita}, M. and {Gillespie}, B. and {Glazebrook}, K. and 
	{Gray}, J. and {Grebel}, E.~K. and {Gunn}, J.~E. and {Gurbani}, V.~K. and 
	{Hall}, P.~B. and {Hamabe}, M. and {Harbeck}, D. and {Harris}, F.~H. and 
	{Harris}, H.~C. and {Harvanek}, M. and {Hawley}, S.~L. and {Hayes}, J. and 
	{Heckman}, T.~M. and {Hendry}, J.~S. and {Hennessy}, G.~S. and 
	{Hindsley}, R.~B. and {Hogan}, C.~J. and {Hogg}, D.~W. and {Holmgren}, D.~J. and 
	{Holtzman}, J.~A. and {Ichikawa}, S. and {Ichikawa}, T. and 
	{Ivezi{\' c}}, {\v Z}. and {Jester}, S. and {Johnston}, D.~E. and 
	{Jorgensen}, A.~M. and {Juri{\' c}}, M. and {Kent}, S.~M. and 
	{Kleinman}, S.~J. and {Knapp}, G.~R. and {Kniazev}, A.~Y. and 
	{Kron}, R.~G. and {Krzesinski}, J. and {Lamb}, D.~Q. and {Lampeitl}, H. and 
	{Lee}, B.~C. and {Lin}, H. and {Long}, D.~C. and {Loveday}, J. and 
	{Lupton}, R.~H. and {Mannery}, E. and {Margon}, B. and {Mart{\'{\i}}nez-Delgado}, D. and 
	{Matsubara}, T. and {McGehee}, P.~M. and {McKay}, T.~A. and 
	{Meiksin}, A. and {M{\' e}nard}, B. and {Munn}, J.~A. and {Nash}, T. and 
	{Neilsen}, E.~H. and {Newberg}, H.~J. and {Newman}, P.~R. and 
	{Nichol}, R.~C. and {Nicinski}, T. and {Nieto-Santisteban}, M. and 
	{Nitta}, A. and {Okamura}, S. and {O'Mullane}, W. and {Owen}, R. and 
	{Padmanabhan}, N. and {Pauls}, G. and {Peoples}, J. and {Pier}, J.~R. and 
	{Pope}, A.~C. and {Pourbaix}, D. and {Quinn}, T.~R. and {Raddick}, M.~J. and 
	{Richards}, G.~T. and {Richmond}, M.~W. and {Rix}, H. and {Rockosi}, C.~M. and 
	{Schlegel}, D.~J. and {Schneider}, D.~P. and {Schroeder}, J. and 
	{Scranton}, R. and {Sekiguchi}, M. and {Sheldon}, E. and {Shimasaku}, K. and 
	{Silvestri}, N.~M. and {Smith}, J.~A. and {Smol{\v c}i{\' c}}, V. and 
	{Snedden}, S.~A. and {Stebbins}, A. and {Stoughton}, C. and 
	{Strauss}, M.~A. and {SubbaRao}, M. and {Szalay}, A.~S. and 
	{Szapudi}, I. and {Szkody}, P. and {Szokoly}, G.~P. and {Tegmark}, M. and 
	{Teodoro}, L. and {Thakar}, A.~R. and {Tremonti}, C. and {Tucker}, D.~L. and 
	{Uomoto}, A. and {Vanden Berk}, D.~E. and {Vandenberg}, J. and 
	{Vogeley}, M.~S. and {Voges}, W. and {Vogt}, N.~P. and {Walkowicz}, L.~M. and 
	{Wang}, S. and {Weinberg}, D.~H. and {West}, A.~A. and {White}, S.~D.~M. and 
	{Wilhite}, B.~C. and {Xu}, Y. and {Yanny}, B. and {Yasuda}, N. and 
	{Yip}, C. and {Yocum}, D.~R. and {York}, D.~G. and {Zehavi}, I. and 
	{Zibetti}, S. and {Zucker}, D.~B.},
    title = "{The Third Data Release of the Sloan Digital Sky Survey}",
  journal = {\aj},
     year = 2005,
    month = mar,
   volume = 129,
    pages = {1755-1759},
   adsurl = {http://adsabs.harvard.edu/cgi-bin/nph-bib_query?bibcode=2005AJ....129.1755A&db_key=AST},
  adsnote = {Provided by the NASA Astrophysics Data System}
}

% Cosmology from HOD
@ARTICLE{abazajian_etal_05b,
   author = {{Abazajian}, K. and {Zheng}, Z. and {Zehavi}, I. and {Weinberg}, D.~H. and 
	{Frieman}, J.~A. and {Berlind}, A.~A. and {Blanton}, M.~R. and 
	{Bahcall}, N.~A. and {Brinkmann}, J. and {Schneider}, D.~P. and 
	{Tegmark}, M.},
    title = "{Cosmology and the Halo Occupation Distribution from Small-Scale Galaxy Clustering in the Sloan Digital Sky Survey}",
  journal = {\apj},
     year = 2005,
    month = jun,
   volume = 625,
    pages = {613-620},
   adsurl = {http://adsabs.harvard.edu/cgi-bin/nph-bib_query?bibcode=2005ApJ...625..613A&db_key=AST},
  adsnote = {Provided by the Smithsonian/NASA Astrophysics Data System}
}

% SDSS DR7
@ARTICLE{abazajian_etal_09,
   author = {{Abazajian}, K.~N. and {Adelman-McCarthy}, J.~K. and {Ag{\"u}eros}, M.~A. and 
        {Allam}, S.~S. and {Allende Prieto}, C. and {An}, D. and {Anderson}, K.~S.~J. and 
        {Anderson}, S.~F. and {Annis}, J. and {Bahcall}, N.~A. and et al.},
    title = "{The Seventh Data Release of the Sloan Digital Sky Survey}",
  journal = {\apjs},
archivePrefix = "arXiv",
   eprint = {0812.0649},
 keywords = {atlases, catalogs, surveys},
     year = 2009,
    month = jun,
   volume = 182,
    pages = {543-558},
      doi = {10.1088/0067-0049/182/2/543},
   adsurl = {http://adsabs.harvard.edu/abs/2009ApJS..182..543A},
  adsnote = {Provided by the SAO/NASA Astrophysics Data System}
}

% VIMOS-VLT HOD
@ARTICLE{abbas_etal_10,
   author = {{Abbas}, U. and {de la Torre}, S. and {Le F{\`e}vre}, O. and 
	{Guzzo}, L. and {Marinoni}, C. and {Meneux}, B. and {Pollo}, A. and 
	{Zamorani}, G. and {Bottini}, D. and {Garilli}, B. and {Le Brun}, V. and 
	{Maccagni}, D. and {Scaramella}, R. and {Scodeggio}, M. and 
	{Tresse}, L. and {Vettolani}, G. and {Zanichelli}, A. and {Adami}, C. and 
	{Arnouts}, S. and {Bardelli}, S. and {Bolzonella}, M. and {Cappi}, A. and 
	{Charlot}, S. and {Ciliegi}, P. and {Contini}, T. and {Foucaud}, S. and 
	{Franzetti}, P. and {Gavignaud}, I. and {Ilbert}, O. and {Iovino}, A. and 
	{Lamareille}, F. and {McCracken}, H.~J. and {Marano}, B. and 
	{Mazure}, A. and {Merighi}, R. and {Paltani}, S. and {Pell{\`o}}, R. and 
	{Pozzetti}, L. and {Radovich}, M. and {Vergani}, D. and {Zucca}, E. and 
	{Bondi}, M. and {Bongiorno}, A. and {Brinchmann}, J. and {Cucciati}, O. and 
	{de Ravel}, L. and {Gregorini}, L. and {Perez-Montero}, E. and 
	{Mellier}, Y. and {Merluzzi}, P.},
    title = "{The VIMOS-VLT Deep Survey: evolution in the halo occupation number since z \~{} 1}",
  journal = {\mnras},
archivePrefix = "arXiv",
   eprint = {1003.6129},
 primaryClass = "astro-ph.CO",
 keywords = {methods: statistical, surveys, galaxies: high-redshift, large-scale structure of Universe},
     year = 2010,
    month = aug,
   volume = 406,
    pages = {1306-1317},
      doi = {10.1111/j.1365-2966.2010.16764.x},
   adsurl = {http://adsabs.harvard.edu/abs/2010MNRAS.406.1306A},
  adsnote = {Provided by the SAO/NASA Astrophysics Data System}
}

% SDSS observed clustering
@ARTICLE{abbas_sheth_06,
   author = {{Abbas}, U. and {Sheth}, R.~K.},
    title = "{The environmental dependence of galaxy clustering in the Sloan Digital Sky Survey}",
  journal = {ArXiv Astrophysics e-prints},
   eprint = {astro-ph/0601407},
     year = 2006,
    month = jan,
   adsurl = {http://adsabs.harvard.edu/cgi-bin/nph-bib_query?bibcode=2006astro.ph..1407A&db_key=PRE},
}

% Clusters
@ARTICLE{abell_58,
   author = {{Abell}, G.~O.},
    title = "{The Distribution of Rich Clusters of Galaxies.}",
  journal = {\apjs},
     year = 1958,
    month = may,
   volume = 3,
    pages = {211-+},
   adsurl = {http://adsabs.harvard.edu/cgi-bin/nph-bib_query?bibcode=1958ApJS....3..211A&db_key=AST},
  adsnote = {Provided by the Smithsonian/NASA Astrophysics Data System}
}

% Clusters
@ARTICLE{abell_etal_89,
   author = {{Abell}, G.~O. and {Corwin}, H.~G. and {Olowin}, R.~P.},
    title = "{A catalog of rich clusters of galaxies}",
  journal = {\apjs},
     year = 1989,
    month = may,
   volume = 70,
    pages = {1-138},
      doi = {10.1086/191333},
   adsurl = {http://adsabs.harvard.edu/cgi-bin/nph-bib_query?bibcode=1989ApJS...70....1A&db_key=AST},
  adsnote = {Provided by the Smithsonian/NASA Astrophysics Data System}
}

% DR4
@ARTICLE{adelman_etal_06,
   author = {{Adelman-McCarthy}, J.~K. and {Ag{\"u}eros}, M.~A. and {Allam}, S.~S. and 
	{Anderson}, K.~S.~J. and {Anderson}, S.~F. and {Annis}, J. and 
	{Bahcall}, N.~A. and {Baldry}, I.~K. and {Barentine}, J.~C. and 
	{Berlind}, A. and {Bernardi}, M. and {Blanton}, M.~R. and {Boroski}, W.~N. and 
	{Brewington}, H.~J. and {Brinchmann}, J. and {Brinkmann}, J. and 
	{Brunner}, R.~J. and {Budav{\'a}ri}, T. and {Carey}, L.~N. and 
	{Carr}, M.~A. and {Castander}, F.~J. and {Connolly}, A.~J. and 
	{Csabai}, I. and {Czarapata}, P.~C. and {Dalcanton}, J.~J. and 
	{Doi}, M. and {Dong}, F. and {Eisenstein}, D.~J. and {Evans}, M.~L. and 
	{Fan}, X. and {Finkbeiner}, D.~P. and {Friedman}, S.~D. and 
	{Frieman}, J.~A. and {Fukugita}, M. and {Gillespie}, B. and 
	{Glazebrook}, K. and {Gray}, J. and {Grebel}, E.~K. and {Gunn}, J.~E. and 
	{Gurbani}, V.~K. and {de Haas}, E. and {Hall}, P.~B. and {Harris}, F.~H. and 
	{Harvanek}, M. and {Hawley}, S.~L. and {Hayes}, J. and {Hendry}, J.~S. and 
	{Hennessy}, G.~S. and {Hindsley}, R.~B. and {Hirata}, C.~M. and 
	{Hogan}, C.~J. and {Hogg}, D.~W. and {Holmgren}, D.~J. and {Holtzman}, J.~A. and 
	{Ichikawa}, S.-i. and {Ivezi{\'c}}, {\v Z}. and {Jester}, S. and 
	{Johnston}, D.~E. and {Jorgensen}, A.~M. and {Juri{\'c}}, M. and 
	{Kent}, S.~M. and {Kleinman}, S.~J. and {Knapp}, G.~R. and {Kniazev}, A.~Y. and 
	{Kron}, R.~G. and {Krzesinski}, J. and {Kuropatkin}, N. and 
	{Lamb}, D.~Q. and {Lampeitl}, H. and {Lee}, B.~C. and {Leger}, R.~F. and 
	{Lin}, H. and {Long}, D.~C. and {Loveday}, J. and {Lupton}, R.~H. and 
	{Margon}, B. and {Mart{\'{\i}}nez-Delgado}, D. and {Mandelbaum}, R. and 
	{Matsubara}, T. and {McGehee}, P.~M. and {McKay}, T.~A. and 
	{Meiksin}, A. and {Munn}, J.~A. and {Nakajima}, R. and {Nash}, T. and 
	{Neilsen}, Jr., E.~H. and {Newberg}, H.~J. and {Newman}, P.~R. and 
	{Nichol}, R.~C. and {Nicinski}, T. and {Nieto-Santisteban}, M. and 
	{Nitta}, A. and {O'Mullane}, W. and {Okamura}, S. and {Owen}, R. and 
	{Padmanabhan}, N. and {Pauls}, G. and {Peoples}, J.~J. and {Pier}, J.~R. and 
	{Pope}, A.~C. and {Pourbaix}, D. and {Quinn}, T.~R. and {Richards}, G.~T. and 
	{Richmond}, M.~W. and {Rockosi}, C.~M. and {Schlegel}, D.~J. and 
	{Schneider}, D.~P. and {Schroeder}, J. and {Scranton}, R. and 
	{Seljak}, U. and {Sheldon}, E. and {Shimasaku}, K. and {Smith}, J.~A. and 
	{Smol{\v c}i{\'c}}, V. and {Snedden}, S.~A. and {Stoughton}, C. and 
	{Strauss}, M.~A. and {SubbaRao}, M. and {Szalay}, A.~S. and 
	{Szapudi}, I. and {Szkody}, P. and {Tegmark}, M. and {Thakar}, A.~R. and 
	{Tucker}, D.~L. and {Uomoto}, A. and {Vanden Berk}, D.~E. and 
	{Vandenberg}, J. and {Vogeley}, M.~S. and {Voges}, W. and {Vogt}, N.~P. and 
	{Walkowicz}, L.~M. and {Weinberg}, D.~H. and {West}, A.~A. and 
	{White}, S.~D.~M. and {Xu}, Y. and {Yanny}, B. and {Yocum}, D.~R. and 
	{York}, D.~G. and {Zehavi}, I. and {Zibetti}, S. and {Zucker}, D.~B.
	},
    title = "{The Fourth Data Release of the Sloan Digital Sky Survey}",
  journal = {\apjs},
   eprint = {astro-ph/0507711},
     year = 2006,
    month = jan,
   volume = 162,
    pages = {38-48},
      doi = {10.1086/497917},
   adsurl = {http://adsabs.harvard.edu/cgi-bin/nph-bib_query?bibcode=2006ApJS..162...38A&db_key=AST},
  adsnote = {Provided by the Smithsonian/NASA Astrophysics Data System}
}

% maxBCG
@ARTICLE{annis_etal_99,
   author = {{Annis}, J. and {Kent}, S. and {Castander}, F. and {Eisenstein}, D. and 
	{Gunn}, J. and {Kim}, R. and {Lupton}, R. and {Nichol}, R. and 
	{Postman}, M. and {Voges}, W. and {SDSS Collaboration}},
    title = "{The maxBCG technique for finding galaxy clusters in SDSS data}",
  journal = {Bulletin of the American Astronomical Society},
     year = 1999,
    month = dec,
   volume = 31,
    pages = {1391-+},
   adsurl = {http://adsabs.harvard.edu/cgi-bin/nph-bib_query?bibcode=1999AAS...195.1202A&db_key=AST},
  adsnote = {Provided by the Smithsonian/NASA Astrophysics Data System}
}

% Early clustering measurements
@ARTICLE{bahcall_soneira_83,
   author = {{Bahcall}, N.~A. and {Soneira}, R.~M.},
    title = "{The spatial correlation function of rich clusters of galaxies}",
  journal = {\apj},
     year = 1983,
    month = jul,
   volume = 270,
    pages = {20-38},
      doi = {10.1086/161094},
   adsurl = {http://adsabs.harvard.edu/cgi-bin/nph-bib_query?bibcode=1983ApJ...270...20B&db_key=AST},
  adsnote = {Provided by the Smithsonian/NASA Astrophysics Data System}
}

% SDSS clusters
@ARTICLE{bahcall_etal_03,
   author = {{Bahcall}, N.~A. and {McKay}, T.~A. and {Annis}, J. and {Kim}, R.~S.~J. and 
	{Dong}, F. and {Hansen}, S. and {Goto}, T. and {Gunn}, J.~E. and 
	{Miller}, C. and {Nichol}, R.~C. and {Postman}, M. and {Schneider}, D. and 
	{Schroeder}, J. and {Voges}, W. and {Brinkmann}, J. and {Fukugita}, M.
	},
    title = "{A Merged Catalog of Clusters of Galaxies from Early Sloan Digital Sky Survey Data}",
  journal = {\apjs},
     year = 2003,
    month = oct,
   volume = 148,
    pages = {243-274},
   adsurl = {http://adsabs.harvard.edu/cgi-bin/nph-bib_query?bibcode=2003ApJS..148..243B&db_key=AST},
  adsnote = {Provided by the NASA Astrophysics Data System}
}

% SDSS clusters
@ARTICLE{bahcall_etal_03b,
   author = {{Bahcall}, N.~A. and {Dong}, F. and {Hao}, L. and {Bode}, P. and 
	{Annis}, J. and {Gunn}, J.~E. and {Schneider}, D.~P.},
    title = "{The Richness-dependent Cluster Correlation Function: Early Sloan Digital Sky Survey Data}",
  journal = {\apj},
   eprint = {astro-ph/0307102},
     year = 2003,
    month = dec,
   volume = 599,
    pages = {814-819},
      doi = {10.1086/379599},
   adsurl = {http://adsabs.harvard.edu/cgi-bin/nph-bib_query?bibcode=2003ApJ...599..814B&db_key=AST},
  adsnote = {Provided by the Smithsonian/NASA Astrophysics Data System}
}

% SDSS galaxy environments
@ARTICLE{balogh_etal_04,
   author = {{Balogh}, M. and {Eke}, V. and {Miller}, C. and {Lewis}, I. and 
	{Bower}, R. and {Couch}, W. and {Nichol}, R. and {Bland-Hawthorn}, J. and 
	{Baldry}, I.~K. and {Baugh}, C. and {Bridges}, T. and {Cannon}, R. and 
	{Cole}, S. and {Colless}, M. and {Collins}, C. and {Cross}, N. and 
	{Dalton}, G. and {de Propris}, R. and {Driver}, S.~P. and {Efstathiou}, G. and 
	{Ellis}, R.~S. and {Frenk}, C.~S. and {Glazebrook}, K. and {Gomez}, P. and 
	{Gray}, A. and {Hawkins}, E. and {Jackson}, C. and {Lahav}, O. and 
	{Lumsden}, S. and {Maddox}, S. and {Madgwick}, D. and {Norberg}, P. and 
	{Peacock}, J.~A. and {Percival}, W. and {Peterson}, B.~A. and 
	{Sutherland}, W. and {Taylor}, K.},
    title = "{Galaxy ecology: groups and low-density environments in the SDSS and 2dFGRS}",
  journal = {\mnras},
     year = 2004,
    month = mar,
   volume = 348,
    pages = {1355-1372},
   adsurl = {http://adsabs.harvard.edu/cgi-bin/nph-bib_query?bibcode=2004MNRAS.348.1355B&db_key=AST},
  adsnote = {Provided by the NASA Astrophysics Data System}
}

% SAM clustering
@ARTICLE{baugh_etal_99,
   author = {{Baugh}, C.~M. and {Benson}, A.~J. and {Cole}, S. and {Frenk}, C.~S. and 
	{Lacey}, C.~G.},
    title = "{Modelling the evolution of galaxy clustering}",
  journal = {\mnras},
   eprint = {astro-ph/9811222},
 keywords = {GALAXIES: EVOLUTION, GALAXIES: FORMATION, LARGE-SCALE STRUCTURE OF UNIVERSE},
     year = 1999,
    month = may,
   volume = 305,
    pages = {L21-L25},
      doi = {10.1046/j.1365-8711.1999.02590.x},
   adsurl = {http://adsabs.harvard.edu/abs/1999MNRAS.305L..21B},
  adsnote = {Provided by the SAO/NASA Astrophysics Data System}
}

% Early halo modeling
@ARTICLE{benson_etal_00,
   author = {{Benson}, A.~J. and {Cole}, S. and {Frenk}, C.~S. and {Baugh}, C.~M. and 
	{Lacey}, C.~G.},
    title = "{The nature of galaxy bias and clustering}",
  journal = {\mnras},
   eprint = {astro-ph/9903343},
 keywords = {GALAXIES: FORMATION, GALAXIES: STATISTICS, LARGE-SCALE STRUCTURE OF UNIVERSE},
     year = 2000,
    month = feb,
   volume = 311,
    pages = {793-808},
      doi = {10.1046/j.1365-8711.2000.03101.x},
   adsurl = {http://adsabs.harvard.edu/abs/2000MNRAS.311..793B},
  adsnote = {Provided by the SAO/NASA Astrophysics Data System}
}

% HOD theory
@ARTICLE{berlind_weinberg_02,
   author = {{Berlind}, A.~A. and {Weinberg}, D.~H.},
    title = "{The Halo Occupation Distribution: Toward an Empirical Determination of the Relation between Galaxies and Mass}",
  journal = {\apj},
     year = 2002,
    month = aug,
   volume = 575,
    pages = {587-616},
   adsurl = {http://adsabs.harvard.edu/cgi-bin/nph-bib_query?bibcode=2002ApJ...575..587B&db_key=AST},
  adsnote = {Provided by the NASA Astrophysics Data System}
}

% HOD theory
@ARTICLE{berlind_etal_03,
   author = {{Berlind}, A.~A. and {Weinberg}, D.~H. and {Benson}, A.~J. and 
	{Baugh}, C.~M. and {Cole}, S. and {Dav{\' e}}, R. and {Frenk}, C.~S. and 
	{Jenkins}, A. and {Katz}, N. and {Lacey}, C.~G.},
    title = "{The Halo Occupation Distribution and the Physics of Galaxy Formation}",
  journal = {\apj},
     year = 2003,
    month = aug,
   volume = 593,
    pages = {1-25},
   adsurl = {http://adsabs.harvard.edu/cgi-bin/nph-bib_query?bibcode=2003ApJ...593....1B&db_key=AST},
  adsnote = {Provided by the NASA Astrophysics Data System}
}

% SDSS galaxy environments
@ARTICLE{berlind_etal_05,
   author = {{Berlind}, A.~A. and {Blanton}, M.~R. and {Hogg}, D.~W. and 
	{Weinberg}, D.~H. and {Dav{\'e}}, R. and {Eisenstein}, D.~J. and 
	{Katz}, N.},
    title = "{Interpreting the Relationship between Galaxy Luminosity, Color, and Environment}",
  journal = {\apj},
   eprint = {astro-ph/0406633},
 keywords = {Cosmology: Theory, Galaxies: Formation, Cosmology: Large-Scale Structure of Universe},
     year = 2005,
    month = aug,
   volume = 629,
    pages = {625-632},
      doi = {10.1086/431658},
   adsurl = {http://adsabs.harvard.edu/abs/2005ApJ...629..625B},
  adsnote = {Provided by the SAO/NASA Astrophysics Data System}
}

% SDSS groups and clusters
@ARTICLE{berlind_etal_06,
   author = {{Berlind}, A.~A. and {Frieman}, J. and {Weinberg}, D.~H. and 
        {Blanton}, M.~R. and {Warren}, M.~S. and {Abazajian}, K. and 
        {Scranton}, R. and {Hogg}, D.~W. and {Scoccimarro}, R. and {Bahcall}, N.~A. and 
        {Brinkmann}, J. and {Gott}, III, J.~R. and {Kleinman}, S.~J. and 
        {Krzesinski}, J. and {Lee}, B.~C. and {Miller}, C.~J. and {Nitta}, A. and 
        {Schneider}, D.~P. and {Tucker}, D.~L. and {Zehavi}, I.},
    title = "{Percolation Galaxy Groups and Clusters in the SDSS Redshift Survey: Identification, Catalogs, and the Multiplicity Function}",
  journal = {\apjs},
   eprint = {arXiv:astro-ph/0601346},
 keywords = {Galaxies: Clusters: General, Cosmology: Large-Scale Structure of Universe},
     year = 2006,
    month = nov,
   volume = 167,
    pages = {1-25},
      doi = {10.1086/508170},
   adsurl = {http://adsabs.harvard.edu/abs/2006ApJS..167....1B},
  adsnote = {Provided by the SAO/NASA Astrophysics Data System}
}

% 6dF HOD
@ARTICLE{beutler_etal_13,
   author = {{Beutler}, F. and {Blake}, C. and {Colless}, M. and {Jones}, D.~H. and 
	{Staveley-Smith}, L. and {Campbell}, L. and {Parker}, Q. and 
	{Saunders}, W. and {Watson}, F.},
    title = "{The 6dF Galaxy Survey: dependence of halo occupation on stellar mass}",
  journal = {\mnras},
archivePrefix = "arXiv",
   eprint = {1212.3610},
 primaryClass = "astro-ph.CO",
 keywords = {surveys, galaxies: formation, galaxies: haloes, galaxies: statistics, cosmology: observations, large-scale structure of the Universe},
     year = 2013,
    month = mar,
   volume = 429,
    pages = {3604-3618},
      doi = {10.1093/mnras/sts637},
   adsurl = {http://adsabs.harvard.edu/abs/2013MNRAS.429.3604B},
  adsnote = {Provided by the SAO/NASA Astrophysics Data System}
}

% SDSS LRG HOD
@ARTICLE{blake_etal_08,
   author = {{Blake}, C. and {Collister}, A. and {Lahav}, O.},
    title = "{Halo-model signatures from 380000 Sloan Digital Sky Survey luminous red galaxies with photometric redshifts}",
  journal = {\mnras},
archivePrefix = "arXiv",
   eprint = {0704.3377},
 keywords = {surveys , galaxies: haloes , large-scale structure of Universe},
     year = 2008,
    month = apr,
   volume = 385,
    pages = {1257-1269},
      doi = {10.1111/j.1365-2966.2007.11925.x},
   adsurl = {http://adsabs.harvard.edu/abs/2008MNRAS.385.1257B},
  adsnote = {Provided by the SAO/NASA Astrophysics Data System}
}

% SDSS targeting
@ARTICLE{blanton_etal_03a,
   author = {{Blanton}, M.~R. and {Lin}, H. and {Lupton}, R.~H. and {Maley}, F.~M. and 
	{Young}, N. and {Zehavi}, I. and {Loveday}, J.},
    title = "{An Efficient Targeting Strategy for Multiobject Spectrograph Surveys: the Sloan Digital Sky Survey ``Tiling'' Algorithm}",
  journal = {\aj},
     year = 2003,
    month = apr,
   volume = 125,
    pages = {2276-2286},
   adsurl = {http://adsabs.harvard.edu/cgi-bin/nph-bib_query?bibcode=2003AJ....125.2276B&db_key=AST},
  adsnote = {Provided by the NASA Astrophysics Data System}
}

% SDSS K corrections
@ARTICLE{blanton_etal_03b,
   author = {{Blanton}, M.~R. and {Brinkmann}, J. and {Csabai}, I. and {Doi}, M. and 
	{Eisenstein}, D. and {Fukugita}, M. and {Gunn}, J.~E. and {Hogg}, D.~W. and 
	{Schlegel}, D.~J.},
    title = "{Estimating Fixed-Frame Galaxy Magnitudes in the Sloan Digital Sky Survey}",
  journal = {\aj},
     year = 2003,
    month = may,
   volume = 125,
    pages = {2348-2360},
   adsurl = {http://adsabs.harvard.edu/cgi-bin/nph-bib_query?bibcode=2003AJ....125.2348B&db_key=AST},
  adsnote = {Provided by the NASA Astrophysics Data System}
}

% SDSS luminosity function
@ARTICLE{blanton_etal_03c,
   author = {{Blanton}, M.~R. and {Hogg}, D.~W. and {Bahcall}, N.~A. and 
	{Brinkmann}, J. and {Britton}, M. and {Connolly}, A.~J. and 
	{Csabai}, I. and {Fukugita}, M. and {Loveday}, J. and {Meiksin}, A. and 
	{Munn}, J.~A. and {Nichol}, R.~C. and {Okamura}, S. and {Quinn}, T. and 
	{Schneider}, D.~P. and {Shimasaku}, K. and {Strauss}, M.~A. and 
	{Tegmark}, M. and {Vogeley}, M.~S. and {Weinberg}, D.~H.},
    title = "{The Galaxy Luminosity Function and Luminosity Density at Redshift z = 0.1}",
  journal = {\apj},
     year = 2003,
    month = aug,
   volume = 592,
    pages = {819-838},
   adsurl = {http://adsabs.harvard.edu/cgi-bin/nph-bib_query?bibcode=2003ApJ...592..819B&db_key=AST},
  adsnote = {Provided by the NASA Astrophysics Data System}
}

% SDSS galaxy properties
@ARTICLE{blanton_etal_03d,
   author = {{Blanton}, M.~R. and {Hogg}, D.~W. and {Bahcall}, N.~A. and 
	{Baldry}, I.~K. and {Brinkmann}, J. and {Csabai}, I. and {Eisenstein}, D. and 
	{Fukugita}, M. and {Gunn}, J.~E. and {Ivezi{\' c}}, {\v Z}. and 
	{Lamb}, D.~Q. and {Lupton}, R.~H. and {Loveday}, J. and {Munn}, J.~A. and 
	{Nichol}, R.~C. and {Okamura}, S. and {Schlegel}, D.~J. and 
	{Shimasaku}, K. and {Strauss}, M.~A. and {Vogeley}, M.~S. and 
	{Weinberg}, D.~H.},
    title = "{The Broadband Optical Properties of Galaxies with Redshifts 0.02{\lt}z{\lt}0.22}",
  journal = {\apj},
     year = 2003,
    month = sep,
   volume = 594,
    pages = {186-207},
   adsurl = {http://adsabs.harvard.edu/cgi-bin/nph-bib_query?bibcode=2003ApJ...594..186B&db_key=AST},
  adsnote = {Provided by the NASA Astrophysics Data System}
}

% SDSS NYU vagc
@ARTICLE{blanton_etal_04a,
   author = {{Blanton}, M.~R. and {Schlegel}, D.~J. and {Strauss}, M.~A. and 
	{Brinkmann}, J. and {Finkbeiner}, D. and {Fukugita}, M. and 
	{Gunn}, J.~E. and {Hogg}, D.~W. and {Ivezi{\'c}}, {\v Z}. and 
	{Knapp}, G.~R. and {Lupton}, R.~H. and {Munn}, J.~A. and {Schneider}, D.~P. and 
	{Tegmark}, M. and {Zehavi}, I.},
    title = "{New York University Value-Added Galaxy Catalog: A Galaxy Catalog Based on New Public Surveys}",
  journal = {\aj},
     year = 2005,
    month = jun,
   volume = 129,
    pages = {2562-2578},
      doi = {10.1086/429803},
   adsurl = {http://adsabs.harvard.edu/cgi-bin/nph-bib_query?bibcode=2005AJ....129.2562B&db_key=AST},
  adsnote = {Provided by the Smithsonian/NASA Astrophysics Data System}
}

% SDSS VAGC
@ARTICLE{blanton_etal_05,
   author = {{Blanton}, M.~R. and {Schlegel}, D.~J. and {Strauss}, M.~A. and 
        {Brinkmann}, J. and {Finkbeiner}, D. and {Fukugita}, M. and 
        {Gunn}, J.~E. and {Hogg}, D.~W. and {Ivezi{\'c}}, {\v Z}. and 
        {Knapp}, G.~R. and {Lupton}, R.~H. and {Munn}, J.~A. and {Schneider}, D.~P. and 
        {Tegmark}, M. and {Zehavi}, I.},
    title = "{New York University Value-Added Galaxy Catalog: A Galaxy Catalog Based on New Public Surveys}",
  journal = {\aj},
   eprint = {arXiv:astro-ph/0410166},
 keywords = {Galaxies: Distances and Redshifts, Galaxies: Photometry, Galaxies: Statistics},
     year = 2005,
    month = jun,
   volume = 129,
    pages = {2562-2578},
      doi = {10.1086/429803},
   adsurl = {http://adsabs.harvard.edu/abs/2005AJ....129.2562B},
  adsnote = {Provided by the SAO/NASA Astrophysics Data System}
}

% SDSS galaxy environments
@ARTICLE{blanton_berlind_06,
   author = {{Blanton}, M.~R. and {Berlind}, A.~A.},
    title = "{What Aspects of Galaxy Environment Matter?}",
  journal = {\apj},
   eprint = {arXiv:astro-ph/0608353},
 keywords = {Galaxies: Clusters: General, Galaxies: Fundamental Parameters, Galaxies: Statistics},
     year = 2007,
    month = aug,
   volume = 664,
    pages = {791-803},
      doi = {10.1086/512478},
   adsurl = {http://adsabs.harvard.edu/abs/2007ApJ...664..791B},
  adsnote = {Provided by the SAO/NASA Astrophysics Data System}
}

% SDSS evolution corrections
@ARTICLE{blanton_etal_06,
   author = {{Blanton}, M.~R.},
    title = "{Galaxies in SDSS and DEEP2: A Quiet Life on the Blue Sequence?}",
  journal = {\apj},
   eprint = {astro-ph/0512127},
 keywords = {Galaxies: Evolution},
     year = 2006,
    month = sep,
   volume = 648,
    pages = {268-280},
      doi = {10.1086/505628},
   adsurl = {http://adsabs.harvard.edu/abs/2006ApJ...648..268B},
  adsnote = {Provided by the SAO/NASA Astrophysics Data System}
}

%MW statistics + Neg. Binomial Scatter in Nsat
@ARTICLE{mbk_etal_10,
   author = {{Boylan-Kolchin}, M. and {Springel}, V. and {White}, S.~D.~M. and 
{Jenkins}, A.},
    title = "{There's no place like home? Statistics of Milky Way-mass dark matter haloes}",
  journal = {\mnras},
archivePrefix = "arXiv",
   eprint = {0911.4484},
 primaryClass = "astro-ph.CO",
 keywords = {galaxies: haloes, cosmology: theory, methods: N-body simulations},
     year = 2010,
    month = aug,
   volume = 406,
    pages = {896-912},
      doi = {10.1111/j.1365-2966.2010.16774.x},
   adsurl = {http://adsabs.harvard.edu/abs/2010MNRAS.406..896B},
  adsnote = {Provided by the SAO/NASA Astrophysics Data System}
}




% Red galaxy HOD
@ARTICLE{brown_etal_08,
   author = {{Brown}, M.~J.~I. and {Zheng}, Z. and {White}, M. and {Dey}, A. and 
	{Jannuzi}, B.~T. and {Benson}, A.~J. and {Brand}, K. and {Brodwin}, M. and 
	{Croton}, D.~J.},
    title = "{Red Galaxy Growth and the Halo Occupation Distribution}",
  journal = {\apj},
archivePrefix = "arXiv",
   eprint = {0804.2293},
 keywords = {Galaxies: Elliptical and Lenticular, cD, Galaxies: Evolution, Galaxies: Luminosity Function, Mass Function, Cosmology: Large-Scale Structure of Universe},
     year = 2008,
    month = aug,
   volume = 682,
    pages = {937-963},
      doi = {10.1086/589538},
   adsurl = {http://adsabs.harvard.edu/abs/2008ApJ...682..937B},
  adsnote = {Provided by the SAO/NASA Astrophysics Data System}
}

% Halo definition
@ARTICLE{bryan_norman_98,
   author = {{Bryan}, G.~L. and {Norman}, M.~L.},
    title = "{Statistical Properties of X-Ray Clusters: Analytic and Numerical Comparisons}",
  journal = {\apj},
   eprint = {arXiv:astro-ph/9710107},
 keywords = {GALAXIES: CLUSTERS: GENERAL, METHODS: NUMERICAL, X-RAYS: GALAXIES},
     year = 1998,
    month = mar,
   volume = 495,
    pages = {80-+},
      doi = {10.1086/305262},
   adsurl = {http://adsabs.harvard.edu/abs/1998ApJ...495...80B},
  adsnote = {Provided by the SAO/NASA Astrophysics Data System}
}

% Nbody halos
@ARTICLE{bullock_etal_01,
   author = {{Bullock}, J.~S. and {Kolatt}, T.~S. and {Sigad}, Y. and {Somerville}, R.~S. and 
	{Kravtsov}, A.~V. and {Klypin}, A.~A. and {Primack}, J.~R. and 
	{Dekel}, A.},
    title = "{Profiles of dark haloes: evolution, scatter and environment}",
  journal = {\mnras},
   eprint = {astro-ph/9908159},
     year = 2001,
    month = mar,
   volume = 321,
    pages = {559-575},
   adsurl = {http://adsabs.harvard.edu/cgi-bin/nph-bib_query?bibcode=2001MNRAS.321..559B&db_key=AST},
  adsnote = {Provided by the Smithsonian/NASA Astrophysics Data System}
}

% Early HOD modeling
@ARTICLE{bullock_etal_02,
   author = {{Bullock}, J.~S. and {Wechsler}, R.~H. and {Somerville}, R.~S.
        },
    title = "{Galaxy halo occupation at high redshift}",
  journal = {\mnras},
   eprint = {arXiv:astro-ph/0106293},
 keywords = {GALAXIES: FORMATION, GALAXIES: HALOES, GALAXIES: HIGH-REDSHIFT, COSMOLOGY: THEORY, DARK MATTER},
     year = 2002,
    month = jan,
   volume = 329,
    pages = {246-256},
      doi = {10.1046/j.1365-8711.2002.04959.x},
   adsurl = {http://adsabs.harvard.edu/abs/2002MNRAS.329..246B},
  adsnote = {Provided by the SAO/NASA Astrophysics Data System}
}

% SDSS lensing and clustering: use CLF to constrain cosmology
@ARTICLE{cacciato_etal_13,
   author = {{Cacciato}, M. and {van den Bosch}, F.~C. and {More}, S. and 
	{Mo}, H. and {Yang}, X.},
    title = "{Cosmological constraints from a combination of galaxy clustering and lensing - III. Application to SDSS data}",
  journal = {\mnras},
archivePrefix = "arXiv",
   eprint = {1207.0503},
 primaryClass = "astro-ph.CO",
 keywords = {gravitational lensing: weak, methods: statistical, galaxies: haloes, cosmological parameters, dark matter, large-scale structure of Universe},
     year = 2013,
    month = apr,
   volume = 430,
    pages = {767-786},
      doi = {10.1093/mnras/sts525},
   adsurl = {http://adsabs.harvard.edu/abs/2013MNRAS.430..767C},
  adsnote = {Provided by the SAO/NASA Astrophysics Data System}
}

% DEEP2 galaxy clustering
@ARTICLE{coil_etal_06,
   author = {{Coil}, A.~L. and {Gerke}, B.~F. and {Newman}, J.~A. and {Ma}, C.-P. and 
	{Yan}, R. and {Cooper}, M.~C. and {Davis}, M. and {Faber}, S.~M. and 
	{Guhathakurta}, P. and {Koo}, D.~C.},
    title = "{The DEEP2 Galaxy Redshift Survey: Clustering of Groups and Group Galaxies at z\~{}1}",
  journal = {\apj},
   eprint = {astro-ph/0507647},
     year = 2006,
    month = feb,
   volume = 638,
    pages = {668-685},
      doi = {10.1086/498885},
   adsurl = {http://adsabs.harvard.edu/cgi-bin/nph-bib_query?bibcode=2006ApJ...638..668C&db_key=AST},
  adsnote = {Provided by the Smithsonian/NASA Astrophysics Data System}
}

% Galaxy bias theory
@ARTICLE{cole_kaiser_89,
   author = {{Cole}, S. and {Kaiser}, N.},
    title = "{Biased clustering in the cold dark matter cosmogony}",
  journal = {\mnras},
     year = 1989,
    month = apr,
   volume = 237,
    pages = {1127-1146},
   adsurl = {http://adsabs.harvard.edu/cgi-bin/nph-bib_query?bibcode=1989MNRAS.237.1127C&db_key=AST},
  adsnote = {Provided by the Smithsonian/NASA Astrophysics Data System}
}

% 2dF survey
@ARTICLE{colless_etal_01,
   author = {{Colless}, M. and {Dalton}, G. and {Maddox}, S. and {Sutherland}, W. and 
	{Norberg}, P. and {Cole}, S. and {Bland-Hawthorn}, J. and {Bridges}, T. and 
	{Cannon}, R. and {Collins}, C. and {Couch}, W. and {Cross}, N. and 
	{Deeley}, K. and {De Propris}, R. and {Driver}, S.~P. and {Efstathiou}, G. and 
	{Ellis}, R.~S. and {Frenk}, C.~S. and {Glazebrook}, K. and {Jackson}, C. and 
	{Lahav}, O. and {Lewis}, I. and {Lumsden}, S. and {Madgwick}, D. and 
	{Peacock}, J.~A. and {Peterson}, B.~A. and {Price}, I. and {Seaborne}, M. and 
	{Taylor}, K.},
    title = "{The 2dF Galaxy Redshift Survey: spectra and redshifts}",
  journal = {\mnras},
     year = 2001,
    month = dec,
   volume = 328,
    pages = {1039-1063},
      doi = {10.1046/j.1365-8711.2001.04902.x},
   adsurl = {http://adsabs.harvard.edu/cgi-bin/nph-bib_query?bibcode=2001MNRAS.328.1039C&db_key=AST},
  adsnote = {Provided by the Smithsonian/NASA Astrophysics Data System}
}

% 2dF groups/xi HOD
@ARTICLE{collister_lahav_05,
   author = {{Collister}, A.~A. and {Lahav}, O.},
    title = "{Distribution of red and blue galaxies in groups: an empirical test of the halo model}",
  journal = {\mnras},
   eprint = {astro-ph/0412516},
 keywords = {galaxies: haloes, galaxies: statistics, dark matter, large-scale structure of Universe},
     year = 2005,
    month = aug,
   volume = 361,
    pages = {415-427},
      doi = {10.1111/j.1365-2966.2005.09172.x},
   adsurl = {http://adsabs.harvard.edu/abs/2005MNRAS.361..415C},
  adsnote = {Provided by the SAO/NASA Astrophysics Data System}
}

% Halo model review
@ARTICLE{cooray_sheth_02,
   author = {{Cooray}, A. and {Sheth}, R.},
    title = "{Halo models of large scale structure}",
  journal = {\physrep},
   eprint = {astro-ph/0206508},
     year = 2002,
    month = dec,
   volume = 372,
    pages = {1-129},
   adsurl = {http://adsabs.harvard.edu/cgi-bin/nph-bib_query?bibcode=2002PhR...372....1C&db_key=AST},
  adsnote = {Provided by the Smithsonian/NASA Astrophysics Data System}
}

% SDSS, GOODS, COMBO-17, DEEP2 CLF
@ARTICLE{cooray_06,
   author = {{Cooray}, A.},
    title = "{Halo model at its best: constraints on conditional luminosity functions from measured galaxy statistics}",
  journal = {\mnras},
   eprint = {astro-ph/0509033},
 keywords = {galaxies: clusters: general, galaxies: formation, galaxies: fundamental parameters, cosmology: observations, cosmology: theory, large-scale structure of Universe},
     year = 2006,
    month = jan,
   volume = 365,
    pages = {842-866},
      doi = {10.1111/j.1365-2966.2005.09747.x},
   adsurl = {http://adsabs.harvard.edu/abs/2006MNRAS.365..842C},
  adsnote = {Provided by the SAO/NASA Astrophysics Data System}
}

% Nbody ZA vs. 2LPT
@ARTICLE{crocce_etal_06,
   author = {{Crocce}, M. and {Pueblas}, S. and {Scoccimarro}, R.},
    title = "{Transients from initial conditions in cosmological simulations}",
  journal = {\mnras},
   eprint = {astro-ph/0606505},
 keywords = {methods: numerical, large-scale structure of Universe},
     year = 2006,
    month = nov,
   volume = 373,
    pages = {369-381},
      doi = {10.1111/j.1365-2966.2006.11040.x},
   adsurl = {http://adsabs.harvard.edu/abs/2006MNRAS.373..369C},
  adsnote = {Provided by the SAO/NASA Astrophysics Data System}
}

% Assembly bias
@ARTICLE{croton_etal_06,
   author = {{Croton}, D.~J. and {Gao}, L. and {White}, S.~D.~M.},
    title = "{Halo assembly bias and its effects on galaxy clustering}",
  journal = {\mnras},
   eprint = {astro-ph/0605636},
 keywords = {galaxies: evolution, galaxies: statistics, cosmology: theory., large-scale structure of Universe},
     year = 2007,
    month = feb,
   volume = 374,
    pages = {1303-1309},
      doi = {10.1111/j.1365-2966.2006.11230.x},
   adsurl = {http://adsabs.harvard.edu/abs/2007MNRAS.374.1303C},
  adsnote = {Provided by the SAO/NASA Astrophysics Data System}
}

% Early clustering measurements
@ARTICLE{davis_peebles_83,
   author = {{Davis}, M. and {Peebles}, P.~J.~E.},
    title = "{A survey of galaxy redshifts. V - The two-point position and velocity correlations}",
  journal = {\apj},
     year = 1983,
    month = apr,
   volume = 267,
    pages = {465-482},
      doi = {10.1086/160884},
   adsurl = {http://adsabs.harvard.edu/cgi-bin/nph-bib_query?bibcode=1983ApJ...267..465D&db_key=AST},
  adsnote = {Provided by the Smithsonian/NASA Astrophysics Data System}
}

% Early Nbody 
@ARTICLE{davis_etal_85,
   author = {{Davis}, M. and {Efstathiou}, G. and {Frenk}, C.~S. and {White}, S.~D.~M.
	},
    title = "{The evolution of large-scale structure in a universe dominated by cold dark matter}",
  journal = {\apj},
     year = 1985,
    month = may,
   volume = 292,
    pages = {371-394},
   adsurl = {http://adsabs.harvard.edu/cgi-bin/nph-bib_query?bibcode=1985ApJ...292..371D&db_key=AST},
  adsnote = {Provided by the NASA Astrophysics Data System}
}

% Early galaxy clustering
@ARTICLE{devaucouleurs_71,
   author = {{de Vaucouleurs}, G.},
    title = "{The Large-Scale Distribution of Galaxies and Clusters of Galaxies}",
  journal = {\pasp},
     year = 1971,
    month = apr,
   volume = 83,
    pages = {113-+},
   adsurl = {http://adsabs.harvard.edu/cgi-bin/nph-bib_query?bibcode=1971PASP...83..113D&db_key=AST},
  adsnote = {Provided by the Smithsonian/NASA Astrophysics Data System}
}

% WMAP5 cosmology
@ARTICLE{dunkley_etal_09,
   author = {{Dunkley}, J. and {Komatsu}, E. and {Nolta}, M.~R. and {Spergel}, D.~N. and 
        {Larson}, D. and {Hinshaw}, G. and {Page}, L. and {Bennett}, C.~L. and 
        {Gold}, B. and {Jarosik}, N. and {Weiland}, J.~L. and {Halpern}, M. and 
        {Hill}, R.~S. and {Kogut}, A. and {Limon}, M. and {Meyer}, S.~S. and 
        {Tucker}, G.~S. and {Wollack}, E. and {Wright}, E.~L.},
    title = "{Five-Year Wilkinson Microwave Anisotropy Probe Observations: Likelihoods and Parameters from the WMAP Data}",
  journal = {\apjs},
archivePrefix = "arXiv",
   eprint = {0803.0586},
 keywords = {cosmic microwave background, cosmology: observations, early universe, polarization},
     year = 2009,
    month = feb,
   volume = 180,
    pages = {306-329},
      doi = {10.1088/0067-0049/180/2/306},
   adsurl = {http://adsabs.harvard.edu/abs/2009ApJS..180..306D},
  adsnote = {Provided by the SAO/NASA Astrophysics Data System}
}

% SDSS LRG sample
@ARTICLE{eisenstein_etal_01,
   author = {{Eisenstein}, D.~J. and {Annis}, J. and {Gunn}, J.~E. and {Szalay}, A.~S. and 
	{Connolly}, A.~J. and {Nichol}, R.~C. and {Bahcall}, N.~A. and 
	{Bernardi}, M. and {Burles}, S. and {Castander}, F.~J. and {Fukugita}, M. and 
	{Hogg}, D.~W. and {Ivezi{\' c}}, {\v Z}. and {Knapp}, G.~R. and 
	{Lupton}, R.~H. and {Narayanan}, V. and {Postman}, M. and {Reichart}, D.~E. and 
	{Richmond}, M. and {Schneider}, D.~P. and {Schlegel}, D.~J. and 
	{Strauss}, M.~A. and {SubbaRao}, M. and {Tucker}, D.~L. and 
	{Vanden Berk}, D. and {Vogeley}, M.~S. and {Weinberg}, D.~H. and 
	{Yanny}, B.},
    title = "{Spectroscopic Target Selection for the Sloan Digital Sky Survey: The Luminous Red Galaxy Sample}",
  journal = {\aj},
     year = 2001,
    month = nov,
   volume = 122,
    pages = {2267-2280},
   adsurl = {http://adsabs.harvard.edu/cgi-bin/nph-bib_query?bibcode=2001AJ....122.2267E&db_key=AST},
  adsnote = {Provided by the NASA Astrophysics Data System}
}

% SDSS BAO
@ARTICLE{eisentstein_etal_05,
   author = {{Eisenstein}, D.~J. and {Zehavi}, I. and {Hogg}, D.~W. and {Scoccimarro}, R. and 
        {Blanton}, M.~R. and {Nichol}, R.~C. and {Scranton}, R. and 
        {Seo}, {H.-J.} and {Tegmark}, M. and {Zheng}, Z. and {Anderson}, S.~F. and 
        {Annis}, J. and {Bahcall}, N. and {Brinkmann}, J. and {Burles}, S. and 
        {Castander}, F.~J. and {Connolly}, A. and {Csabai}, I. and {Doi}, M. and 
        {Fukugita}, M. and {Frieman}, J.~A. and {Glazebrook}, K. and 
        {Gunn}, J.~E. and {Hendry}, J.~S. and {Hennessy}, G. and {Ivezi{\'c}}, Z. and 
        {Kent}, S. and {Knapp}, G.~R. and {Lin}, H. and {Loh}, {Y.-S.} and 
        {Lupton}, R.~H. and {Margon}, B. and {McKay}, T.~A. and {Meiksin}, A. and 
        {Munn}, J.~A. and {Pope}, A. and {Richmond}, M.~W. and {Schlegel}, D. and 
        {Schneider}, D.~P. and {Shimasaku}, K. and {Stoughton}, C. and 
        {Strauss}, M.~A. and {SubbaRao}, M. and {Szalay}, A.~S. and 
        {Szapudi}, I. and {Tucker}, D.~L. and {Yanny}, B. and {York}, D.~G.
        },
    title = "{Detection of the Baryon Acoustic Peak in the Large-Scale Correlation Function of SDSS Luminous Red Galaxies}",
  journal = {\apj},
   eprint = {arXiv:astro-ph/0501171},
 keywords = {Cosmology: Cosmic Microwave Background, Cosmology: Cosmological Parameters, Cosmology: Observations, Cosmology: Distance Scale, Galaxies: Elliptical and Lenticular, cD, Cosmology: Large-Scale Structure of Universe},
     year = 2005,
    month = nov,
   volume = 633,
    pages = {560-574},
      doi = {10.1086/466512},
   adsurl = {http://adsabs.harvard.edu/abs/2005ApJ...633..560E},
  adsnote = {Provided by the SAO/NASA Astrophysics Data System}
}

% SDSS4
@ARTICLE{eisenstein_etal_11,
   author = {{Eisenstein}, D.~J. and {Weinberg}, D.~H. and {Agol}, E. and 
        {Aihara}, H. and {Allende Prieto}, C. and {Anderson}, S.~F. and 
        {Arns}, J.~A. and {Aubourg}, {\'E}. and {Bailey}, S. and {Balbinot}, E. and et al.},
    title = "{SDSS-III: Massive Spectroscopic Surveys of the Distant Universe, the Milky Way, and Extra-Solar Planetary Systems}",
  journal = {\aj},
archivePrefix = "arXiv",
   eprint = {1101.1529},
 primaryClass = "astro-ph.IM",
 keywords = {cosmology: observations, Galaxy: evolution, planets and satellites: detection, surveys},
     year = 2011,
    month = sep,
   volume = 142,
      eid = {72},
    pages = {72},
      doi = {10.1088/0004-6256/142/3/72},
   adsurl = {http://adsabs.harvard.edu/abs/2011AJ....142...72E},
  adsnote = {Provided by the SAO/NASA Astrophysics Data System}
}

% 2dF groups
@ARTICLE{eke_etal_04a,
   author = {{Eke}, V.~R. and {Baugh}, C.~M. and {Cole}, S. and {Frenk}, C.~S. and 
	{Norberg}, P. and {Peacock}, J.~A. and {Baldry}, I.~K. and {Bland-Hawthorn}, J. and 
	{Bridges}, T. and {Cannon}, R. and {Colless}, M. and {Collins}, C. and 
	{Couch}, W. and {Dalton}, G. and {de Propris}, R. and {Driver}, S.~P. and 
	{Efstathiou}, G. and {Ellis}, R.~S. and {Glazebrook}, K. and 
	{Jackson}, C. and {Lahav}, O. and {Lewis}, I. and {Lumsden}, S. and 
	{Maddox}, S. and {Madgwick}, D. and {Peterson}, B.~A. and {Sutherland}, W. and 
	{Taylor}, K.},
    title = "{Galaxy groups in the 2dFGRS: the group-finding algorithm and the 2PIGG catalogue}",
  journal = {\mnras},
     year = 2004,
    month = mar,
   volume = 348,
    pages = {866-878},
   adsurl = {http://adsabs.harvard.edu/cgi-bin/nph-bib_query?bibcode=2004MNRAS.348..866E&db_key=AST},
  adsnote = {Provided by the NASA Astrophysics Data System}
}

% 2dF group properties
@ARTICLE{eke_etal_04b,
   author = {{Eke}, V.~R. and {Frenk}, C.~S. and {Baugh}, C.~M. and {Cole}, S. and 
	{Norberg}, P. and {Peacock}, J.~A. and {Baldry}, I.~K. and {Bland-Hawthorn}, J. and 
	{Bridges}, T. and {Cannon}, R. and {Colless}, M. and {Collins}, C. and 
	{Couch}, W. and {Dalton}, G. and {de Propris}, R. and {Driver}, S.~P. and 
	{Efstathiou}, G. and {Ellis}, R.~S. and {Glazebrook}, K. and 
	{Jackson}, C.~A. and {Lahav}, O. and {Lewis}, I. and {Lumsden}, S. and 
	{Maddox}, S.~J. and {Madgwick}, D. and {Peterson}, B.~A. and 
	{Sutherland}, W. and {Taylor}, K.},
    title = "{Galaxy groups in the Two-degree Field Galaxy Redshift Survey: the luminous content of the groups}",
  journal = {\mnras},
     year = 2004,
    month = dec,
   volume = 355,
    pages = {769-784},
   adsurl = {http://adsabs.harvard.edu/cgi-bin/nph-bib_query?bibcode=2004MNRAS.355..769E&db_key=AST},
  adsnote = {Provided by the NASA Astrophysics Data System}
}

% IRAS galaxy clustering
@ARTICLE{fisher_etal_94,
   author = {{Fisher}, K.~B. and {Davis}, M. and {Strauss}, M.~A. and {Yahil}, A. and 
	{Huchra}, J.},
    title = "{Clustering in the 1.2-Jy IRAS Galaxy Redshift Survey. I - The redshift and real space correlation functions}",
  journal = {\mnras},
   eprint = {astro-ph/9307001},
     year = 1994,
    month = jan,
   volume = 266,
    pages = {50-+},
   adsurl = {http://adsabs.harvard.edu/cgi-bin/nph-bib_query?bibcode=1994MNRAS.266...50F&db_key=AST},
  adsnote = {Provided by the Smithsonian/NASA Astrophysics Data System}
}

% emcee
@ARTICLE{foreman-mackey_etal_13,
   author = {{Foreman-Mackey}, D. and {Hogg}, D.~W. and {Lang}, D. and {Goodman}, J.
        },
    title = "{emcee: The MCMC Hammer}",
  journal = {\pasp},
archivePrefix = "arXiv",
   eprint = {1202.3665},
 primaryClass = "astro-ph.IM",
 keywords = {Data Analysis and Techniques},
     year = 2013,
    month = mar,
   volume = 125,
    pages = {306-312},
      doi = {10.1086/670067},
   adsurl = {http://adsabs.harvard.edu/abs/2013PASP..125..306F},
  adsnote = {Provided by the SAO/NASA Astrophysics Data System}
}

% Group-finders
@ARTICLE{frederic_95,
   author = {{Frederic}, J.~J.},
    title = "{Testing the accuracy of redshift-space group-finding algorithms}",
  journal = {\apjs},
     year = 1995,
    month = apr,
   volume = 97,
    pages = {259-274},
   adsurl = {http://adsabs.harvard.edu/cgi-bin/nph-bib_query?bibcode=1995ApJS...97..259F&db_key=AST},
  adsnote = {Provided by the Smithsonian/NASA Astrophysics Data System}
}

% SDSS photometry
@ARTICLE{fukugita_etal_96,
   author = {{Fukugita}, M. and {Ichikawa}, T. and {Gunn}, J.~E. and {Doi}, M. and 
	{Shimasaku}, K. and {Schneider}, D.~P.},
    title = "{The Sloan Digital Sky Survey Photometric System}",
  journal = {\aj},
     year = 1996,
    month = apr,
   volume = 111,
    pages = {1748-+},
   adsurl = {http://adsabs.harvard.edu/cgi-bin/nph-bib_query?bibcode=1996AJ....111.1748F&db_key=AST},
  adsnote = {Provided by the NASA Astrophysics Data System}
}

% Assembly bias
@ARTICLE{gao_etal_05,
   author = {{Gao}, L. and {Springel}, V. and {White}, S.~D.~M.},
    title = "{The age dependence of halo clustering}",
  journal = {\mnras},
   eprint = {astro-ph/0506510},
     year = 2005,
    month = oct,
   volume = 363,
    pages = {L66-L70},
      doi = {10.1111/j.1745-3933.2005.00084.x},
   adsurl = {http://adsabs.harvard.edu/cgi-bin/nph-bib_query?bibcode=2005MNRAS.363L..66G&db_key=AST},
  adsnote = {Provided by the Smithsonian/NASA Astrophysics Data System}
}


% 3-pt and eigenmodes to keep
@ARTICLE{gaztanaga_and_scoccimarro_05,
   author = {{Gazta{\~n}aga}, E. and {Scoccimarro}, R.},
    title = "{The three-point function in large-scale structure: redshift distortions and galaxy bias}",
  journal = {\mnras},
   eprint = {astro-ph/0501637},
 keywords = {galaxies: statistics, large-scale structure of Universe},
     year = 2005,
    month = aug,
   volume = 361,
    pages = {824-836},
      doi = {10.1111/j.1365-2966.2005.09234.x},
   adsurl = {http://adsabs.harvard.edu/abs/2005MNRAS.361..824G},
  adsnote = {Provided by the SAO/NASA Astrophysics Data System}
}



% CfA groups
@ARTICLE{geller_huchra_83,
   author = {{Geller}, M.~J. and {Huchra}, J.~P.},
    title = "{Groups of galaxies. III - The CfA survey}",
  journal = {\apjs},
     year = 1983,
    month = jun,
   volume = 52,
    pages = {61-87},
   adsurl = {http://adsabs.harvard.edu/cgi-bin/nph-bib_query?bibcode=1983ApJS...52...61G&db_key=AST},
  adsnote = {Provided by the NASA Astrophysics Data System}
}

% DEEP2 groups
@ARTICLE{gerke_etal_05,
   author = {{Gerke}, B.~F. and {Newman}, J.~A. and {Davis}, M. and {Marinoni}, C. and 
	{Yan}, R. and {Coil}, A.~L. and {Conroy}, C. and {Cooper}, M.~C. and 
	{Faber}, S.~M. and {Finkbeiner}, D.~P. and {Guhathakurta}, P. and 
	{Kaiser}, N. and {Koo}, D.~C. and {Phillips}, A.~C. and {Weiner}, B.~J. and 
	{Willmer}, C.~N.~A.},
    title = "{The DEEP2 Galaxy Redshift Survey: First Results on Galaxy Groups}",
  journal = {\apj},
     year = 2005,
    month = may,
   volume = 625,
    pages = {6-22},
   adsurl = {http://adsabs.harvard.edu/cgi-bin/nph-bib_query?bibcode=2005ApJ...625....6G&db_key=AST},
  adsnote = {Provided by the Smithsonian/NASA Astrophysics Data System}
}

% NOG group catalog
@ARTICLE{giuricin_etal_00,
   author = {{Giuricin}, G. and {Marinoni}, C. and {Ceriani}, L. and {Pisani}, A.
	},
    title = "{Nearby Optical Galaxies: Selection of the Sample and Identification of Groups}",
  journal = {\apj},
     year = 2000,
    month = nov,
   volume = 543,
    pages = {178-194},
   adsurl = {http://adsabs.harvard.edu/cgi-bin/nph-bib_query?bibcode=2000ApJ...543..178G&db_key=AST},
  adsnote = {Provided by the Smithsonian/NASA Astrophysics Data System}
}

% NOG group clustering
@INPROCEEDINGS{giurcin_etal_00,
   author = {{Giuricin}, G. and {Samurovic}, S. and {Girardi}, M. and {Mezzetti}, M. and 
	{Marinoni}, C.},
    title = "{Clustering of Galaxies and Groups in the NOG Sample}",
booktitle = {Constructing the Universe with Clusters of Galaxies},
     year = 2000,
   adsurl = {http://adsabs.harvard.edu/cgi-bin/nph-bib_query?bibcode=2000cucg.confE..56G&db_key=AST},
  adsnote = {Provided by the Smithsonian/NASA Astrophysics Data System}
}

% MCMC algorithm
@article{goodman_weare_10,
    abstract = {{We propose a family of Markov chain Monte Carlo methods whose performance is unaffected by affine tranformations of space. These algorithms are easy to construct and require little or no additional computational overhead. They should be particularly useful for sampling badly scaled distributions. Computational tests show that the affine invariant methods can be significantly faster than standard MCMC methods on highly skewed distributions.}},
    author = {Goodman, Jonathan and Weare, Jonathan},
    citeulike-article-id = {11705953},
    citeulike-linkout-0 = {http://dx.doi.org/10.2140/camcos.2010.5.65},
    day = {31},
    doi = {10.2140/camcos.2010.5.65},
    issn = {2157-5452},
    journal = {Communications in Applied Mathematics and Computational Science},
    month = jan,
    number = {1},
    pages = {65--80},
    posted-at = {2012-11-17 04:15:22},
    priority = {2},
    title = {{Ensemble samplers with affine invariance}},
    url = {http://dx.doi.org/10.2140/camcos.2010.5.65},
    volume = {5},
    year = {2010}
}

% SDSS clusters
@ARTICLE{goto_etal_02,
   author = {{Goto}, T. and {Sekiguchi}, M. and {Nichol}, R.~C. and {Bahcall}, N.~A. and 
	{Kim}, R.~S.~J. and {Annis}, J. and {Ivezi{\' c}}, {\v Z}. and 
	{Brinkmann}, J. and {Hennessy}, G.~S. and {Szokoly}, G.~P. and 
	{Tucker}, D.~L.},
    title = "{The Cut-and-Enhance Method: Selecting Clusters of Galaxies from the Sloan Digital Sky Survey Commissioning Data}",
  journal = {\aj},
     year = 2002,
    month = apr,
   volume = 123,
    pages = {1807-1825},
   adsurl = {http://adsabs.harvard.edu/cgi-bin/nph-bib_query?bibcode=2002AJ....123.1807G&db_key=AST},
  adsnote = {Provided by the NASA Astrophysics Data System}
}

% SDSS clusters
@ARTICLE{goto_etal_05,
   author = {{Goto}, T.},
    title = "{Velocity dispersion of 335 galaxy clusters selected from the Sloan Digital Sky Survey: statistical evidence for dynamical interaction and against ram-pressure stripping}",
  journal = {\mnras},
     year = 2005,
    month = jun,
   volume = 359,
    pages = {1415-1420},
      doi = {10.1111/j.1365-2966.2005.08982.x},
   adsurl = {http://adsabs.harvard.edu/cgi-bin/nph-bib_query?bibcode=2005MNRAS.359.1415G&db_key=AST},
  adsnote = {Provided by the Smithsonian/NASA Astrophysics Data System}
}

% Early groups
@ARTICLE{gott_turner_77a,
   author = {{Gott}, J.~R.~I. and {Turner}, E.~L.},
    title = "{Groups of Galaxies. III. Mass-To Ratios and Crossing Times}",
  journal = {\apj},
     year = 1977,
    month = apr,
   volume = 213,
    pages = {309-322},
      doi = {10.1086/155157},
   adsurl = {http://adsabs.harvard.edu/cgi-bin/nph-bib_query?bibcode=1977ApJ...213..309G&db_key=AST},
  adsnote = {Provided by the Smithsonian/NASA Astrophysics Data System}
}

% Early groups
@ARTICLE{gott_turner_77b,
   author = {{Gott}, J.~R.~I. and {Turner}, E.~L.},
    title = "{Groups of Galaxies.IV. The Multiplicity Function}",
  journal = {\apj},
     year = 1977,
    month = sep,
   volume = 216,
    pages = {357-371},
   adsurl = {http://adsabs.harvard.edu/cgi-bin/nph-bib_query?bibcode=1977ApJ...216..357G&db_key=AST},
  adsnote = {Provided by the Smithsonian/NASA Astrophysics Data System}
}

% SDSS map
@ARTICLE{gott_etal_05,
   author = {{Gott}, J.~R.~I. and {Juri{\'c}}, M. and {Schlegel}, D. and 
	{Hoyle}, F. and {Vogeley}, M. and {Tegmark}, M. and {Bahcall}, N. and 
	{Brinkmann}, J.},
    title = "{A Map of the Universe}",
  journal = {\apj},
     year = 2005,
    month = may,
   volume = 624,
    pages = {463-484},
      doi = {10.1086/428890},
   adsurl = {http://adsabs.harvard.edu/cgi-bin/nph-bib_query?bibcode=2005ApJ...624..463G&db_key=AST},
  adsnote = {Provided by the Smithsonian/NASA Astrophysics Data System}
}

% Early clusters
@ARTICLE{gunn_gott_72,
   author = {{Gunn}, J.~E. and {Gott}, J.~R.~I.},
    title = "{On the Infall of Matter Into Clusters of Galaxies and Some Effects on Their Evolution}",
  journal = {\apj},
     year = 1972,
    month = aug,
   volume = 176,
    pages = {1-+},
   adsurl = {http://adsabs.harvard.edu/cgi-bin/nph-bib_query?bibcode=1972ApJ...176....1G&db_key=AST},
  adsnote = {Provided by the Smithsonian/NASA Astrophysics Data System}
}

% SDSS camera
@ARTICLE{gunn_etal_98,
   author = {{Gunn}, J.~E. and {Carr}, M. and {Rockosi}, C. and {Sekiguchi}, M. and 
	{Berry}, K. and {Elms}, B. and {de Haas}, E. and {Ivezi{\' c}}, {\v Z}. and 
	{Knapp}, G. and {Lupton}, R. and {Pauls}, G. and {Simcoe}, R. and 
	{Hirsch}, R. and {Sanford}, D. and {Wang}, S. and {York}, D. and 
	{Harris}, F. and {Annis}, J. and {Bartozek}, L. and {Boroski}, W. and 
	{Bakken}, J. and {Haldeman}, M. and {Kent}, S. and {Holm}, S. and 
	{Holmgren}, D. and {Petravick}, D. and {Prosapio}, A. and {Rechenmacher}, R. and 
	{Doi}, M. and {Fukugita}, M. and {Shimasaku}, K. and {Okada}, N. and 
	{Hull}, C. and {Siegmund}, W. and {Mannery}, E. and {Blouke}, M. and 
	{Heidtman}, D. and {Schneider}, D. and {Lucinio}, R. and {Brinkman}, J.
	},
    title = "{The Sloan Digital Sky Survey Photometric Camera}",
  journal = {\aj},
     year = 1998,
    month = dec,
   volume = 116,
    pages = {3040-3081},
   adsurl = {http://adsabs.harvard.edu/cgi-bin/nph-bib_query?bibcode=1998AJ....116.3040G&db_key=AST},
  adsnote = {Provided by the NASA Astrophysics Data System}
}

% SDSS telescope
@ARTICLE{gunn_etal_06,
   author = {{Gunn}, J.~E. and {Siegmund}, W.~A. and {Mannery}, E.~J. and 
	{Owen}, R.~E. and {Hull}, C.~L. and {Leger}, R.~F. and {Carey}, L.~N. and 
	{Knapp}, G.~R. and {York}, D.~G. and {Boroski}, W.~N. and {Kent}, S.~M. and 
	{Lupton}, R.~H. and {Rockosi}, C.~M. and {Evans}, M.~L. and 
	{Waddell}, P. and {Anderson}, J.~E. and {Annis}, J. and {Barentine}, J.~C. and 
	{Bartoszek}, L.~M. and {Bastian}, S. and {Bracker}, S.~B. and 
	{Brewington}, H.~J. and {Briegel}, C.~I. and {Brinkmann}, J. and 
	{Brown}, Y.~J. and {Carr}, M.~A. and {Czarapata}, P.~C. and 
	{Drennan}, C.~C. and {Dombeck}, T. and {Federwitz}, G.~R. and 
	{Gillespie}, B.~A. and {Gonzales}, C. and {Hansen}, S.~U. and 
	{Harvanek}, M. and {Hayes}, J. and {Jordan}, W. and {Kinney}, E. and 
	{Klaene}, M. and {Kleinman}, S.~J. and {Kron}, R.~G. and {Kresinski}, J. and 
	{Lee}, G. and {Limmongkol}, S. and {Lindenmeyer}, C.~W. and 
	{Long}, D.~C. and {Loomis}, C.~L. and {McGehee}, P.~M. and {Mantsch}, P.~M. and 
	{Neilsen}, Jr., E.~H. and {Neswold}, R.~M. and {Newman}, P.~R. and 
	{Nitta}, A. and {Peoples}, J.~J. and {Pier}, J.~R. and {Prieto}, P.~S. and 
	{Prosapio}, A. and {Rivetta}, C. and {Schneider}, D.~P. and 
	{Snedden}, S. and {Wang}, S.-i.},
    title = "{The 2.5 m Telescope of the Sloan Digital Sky Survey}",
  journal = {\aj},
   eprint = {astro-ph/0602326},
     year = 2006,
    month = apr,
   volume = 131,
    pages = {2332-2359},
      doi = {10.1086/500975},
   adsurl = {http://adsabs.harvard.edu/cgi-bin/nph-bib_query?bibcode=2006AJ....131.2332G&db_key=AST},
  adsnote = {Provided by the Smithsonian/NASA Astrophysics Data System}
}

% Fiber collisions
@ARTICLE{guo_etal_12,
   author = {{Guo}, H. and {Zehavi}, I. and {Zheng}, Z.},
    title = "{A New Method to Correct for Fiber Collisions in Galaxy Two-point Statistics}",
  journal = {\apj},
archivePrefix = "arXiv",
   eprint = {1111.6598},
 primaryClass = "astro-ph.CO",
 keywords = {cosmology: observations, cosmology: theory, galaxies: distances and redshifts, galaxies: halos, galaxies: statistics, large-scale structure of Universe},
     year = 2012,
    month = sep,
   volume = 756,
      eid = {127},
    pages = {127},
      doi = {10.1088/0004-637X/756/2/127},
   adsurl = {http://adsabs.harvard.edu/abs/2012ApJ...756..127G},
  adsnote = {Provided by the SAO/NASA Astrophysics Data System}
}

%BOSS small scale clustering
@ARTICLE{guo_etal_13,
   author = {{Guo}, H. and {Zehavi}, I. and {Zheng}, Z. and {Weinberg}, D.~H. and 
        {Berlind}, A.~A. and {Blanton}, M. and {Chen}, Y. and {Eisenstein}, D.~J. and 
        {Ho}, S. and {Kazin}, E. and {Manera}, M. and {Maraston}, C. and 
        {McBride}, C.~K. and {Nuza}, S.~E. and {Padmanabhan}, N. and 
        {Parejko}, J.~K. and {Percival}, W.~J. and {Ross}, A.~J. and 
        {Ross}, N.~P. and {Samushia}, L. and {S{\'a}nchez}, A.~G. and 
        {Schlegel}, D.~J. and {Schneider}, D.~P. and {Skibba}, R.~A. and 
        {Swanson}, M.~E.~C. and {Tinker}, J.~L. and {Tojeiro}, R. and 
        {Wake}, D.~A. and {White}, M. and {Bahcall}, N.~A. and {Bizyaev}, D. and 
        {Brewington}, H. and {Bundy}, K. and {da Costa}, L.~N.~A. and 
        {Ebelke}, G. and {Malanushenko}, E. and {Malanushenko}, V. and 
        {Oravetz}, D. and {Rossi}, G. and {Simmons}, A. and {Snedden}, S. and 
        {Streblyanska}, A. and {Thomas}, D.},
    title = "{The Clustering of Galaxies in the SDSS-III Baryon Oscillation Spectroscopic Survey: Luminosity and Color Dependence and Redshift Evolution}",
  journal = {\apj},
archivePrefix = "arXiv",
   eprint = {1212.1211},
 primaryClass = "astro-ph.CO",
 keywords = {cosmology: observations, cosmology: theory, galaxies: distances and redshifts, galaxies: halos, galaxies: statistics, large-scale structure of universe},
     year = 2013,
    month = apr,
   volume = 767,
      eid = {122},
    pages = {122},
      doi = {10.1088/0004-637X/767/2/122},
   adsurl = {http://adsabs.harvard.edu/abs/2013ApJ...767..122G},
  adsnote = {Provided by the SAO/NASA Astrophysics Data System}
}

% BOSS HOD
@ARTICLE{guo_etal_14,
   author = {{Guo}, H. and {Zheng}, Z. and {Zehavi}, I. and {Xu}, H. and 
        {Eisenstein}, D.~J. and {Weinberg}, D.~H. and {Bahcall}, N.~A. and 
        {Berlind}, A.~A. and {Comparat}, J. and {McBride}, C.~K. and 
        {Ross}, A.~J. and {Schneider}, D.~P. and {Skibba}, R.~A. and 
        {Swanson}, M.~E.~C. and {Tinker}, J.~L. and {Tojeiro}, R. and 
        {Wake}, D.~A.},
    title = "{The clustering of galaxies in the SDSS-III Baryon Oscillation Spectroscopic Survey: modelling of the luminosity and colour dependence in the Data Release 10}",
  journal = {\mnras},
 keywords = {galaxies: distances and redshifts, galaxies: haloes, galaxies: statistics, cosmology: observations, cosmology: theory, large-scale structure of Universe},
     year = 2014,
    month = jul,
   volume = 441,
    pages = {2398-2413},
      doi = {10.1093/mnras/stu763},
   adsurl = {http://adsabs.harvard.edu/abs/2014MNRAS.441.2398G},
  adsnote = {Provided by the SAO/NASA Astrophysics Data System}
}

% BOSS HOD velocity bias
@ARTICLE{guo_etal_14b,
   author = {{Guo}, H. and {Zheng}, Z. and {Zehavi}, I. and {Dawson}, K. and 
	{Skibba}, R.~A. and {Tinker}, J.~L. and {Weinberg}, D.~H. and 
	{White}, M. and {Schneider}, D.~P.},
    title = "{Velocity Bias from the Small Scale Clustering of SDSS-III BOSS Galaxies}",
  journal = {ArXiv e-prints},
archivePrefix = "arXiv",
   eprint = {1407.4811},
 keywords = {Astrophysics - Cosmology and Nongalactic Astrophysics, Astrophysics - Astrophysics of Galaxies},
     year = 2014,
    month = jul,
   adsurl = {http://adsabs.harvard.edu/abs/2014arXiv1407.4811G},
  adsnote = {Provided by the SAO/NASA Astrophysics Data System}
}

% SDSS lensing HOD
@ARTICLE{guzik_seljak_02,
   author = {{Guzik}, J. and {Seljak}, U.},
    title = "{Virial masses of galactic haloes from galaxy-galaxy lensing: theoretical modelling and application to Sloan Digital Sky Survey data}",
  journal = {\mnras},
   eprint = {astro-ph/0201448},
 keywords = {gravitational lensing, methods: analytical, galaxies: fundamental parameters, galaxies: haloes},
     year = 2002,
    month = sep,
   volume = 335,
    pages = {311-324},
      doi = {10.1046/j.1365-8711.2002.05591.x},
   adsurl = {http://adsabs.harvard.edu/abs/2002MNRAS.335..311G},
  adsnote = {Provided by the SAO/NASA Astrophysics Data System}
}

% Lyman Break galaxy HOD
@ARTICLE{hamana_etal_04,
   author = {{Hamana}, T. and {Ouchi}, M. and {Shimasaku}, K. and {Kayo}, I. and 
	{Suto}, Y.},
    title = "{Properties of host haloes of Lyman-break galaxies and Lyman {$\alpha$} emitters from their number densities and angular clustering}",
  journal = {\mnras},
   eprint = {astro-ph/0307207},
 keywords = {galaxies: formation, galaxies: haloes, galaxies: high-redshift, cosmology: theory, dark matter},
     year = 2004,
    month = jan,
   volume = 347,
    pages = {813-823},
      doi = {10.1111/j.1365-2966.2004.07253.x},
   adsurl = {http://adsabs.harvard.edu/abs/2004MNRAS.347..813H},
  adsnote = {Provided by the SAO/NASA Astrophysics Data System}
}

% Redshift distortions
@INPROCEEDINGS{hamilton_98,
   author = {{Hamilton}, A.~J.~S.},
    title = "{Linear Redshift Distortions: a Review}",
booktitle = {The Evolving Universe},
     year = 1998,
   series = {Astrophysics and Space Science Library},
   volume = 231,
   eprint = {arXiv:astro-ph/9708102},
   editor = "{D.~Hamilton}",
    pages = {185-+},
   adsurl = {http://adsabs.harvard.edu/abs/1998ASSL..231..185H},
  adsnote = {Provided by the SAO/NASA Astrophysics Data System}
}

% Nbody halos
@ARTICLE{harker_etal_06,
   author = {{Harker}, G. and {Cole}, S. and {Helly}, J. and {Frenk}, C. and 
	{Jenkins}, A.},
    title = "{A marked correlation function analysis of halo formation times in the Millennium Simulation}",
  journal = {\mnras},
   eprint = {astro-ph/0510488},
     year = 2006,
    month = apr,
   volume = 367,
    pages = {1039-1049},
      doi = {10.1111/j.1365-2966.2006.10022.x},
   adsurl = {http://adsabs.harvard.edu/cgi-bin/nph-bib_query?bibcode=2006MNRAS.367.1039H&db_key=AST},
  adsnote = {Provided by the Smithsonian/NASA Astrophysics Data System}
}

% SDSS monitor
@ARTICLE{hogg_etal_01,
   author = {{Hogg}, D.~W. and {Finkbeiner}, D.~P. and {Schlegel}, D.~J. and 
	{Gunn}, J.~E.},
    title = "{A Photometricity and Extinction Monitor at the Apache Point Observatory}",
  journal = {\aj},
     year = 2001,
    month = oct,
   volume = 122,
    pages = {2129-2138},
   adsurl = {http://adsabs.harvard.edu/cgi-bin/nph-bib_query?bibcode=2001AJ....122.2129H&db_key=AST},
  adsnote = {Provided by the NASA Astrophysics Data System}
}

% SDSS galaxy environments
@ARTICLE{hogg_etal_03,
   author = {{Hogg}, D.~W. and {Blanton}, M.~R. and {Eisenstein}, D.~J. and 
	{Gunn}, J.~E. and {Schlegel}, D.~J. and {Zehavi}, I. and {Bahcall}, N.~A. and 
	{Brinkmann}, J. and {Csabai}, I. and {Schneider}, D.~P. and 
	{Weinberg}, D.~H. and {York}, D.~G.},
    title = "{The Overdensities of Galaxy Environments as a Function of Luminosity and Color}",
  journal = {\apjl},
     year = 2003,
    month = mar,
   volume = 585,
    pages = {L5-L9},
   adsurl = {http://adsabs.harvard.edu/cgi-bin/nph-bib_query?bibcode=2003ApJ...585L...5H&db_key=AST},
  adsnote = {Provided by the NASA Astrophysics Data System}
}

% SDSS galaxy environments
@ARTICLE{hogg_etal_04,
   author = {{Hogg}, D.~W. and {Blanton}, M.~R. and {Brinchmann}, J. and 
	{Eisenstein}, D.~J. and {Schlegel}, D.~J. and {Gunn}, J.~E. and 
	{McKay}, T.~A. and {Rix}, H. and {Bahcall}, N.~A. and {Brinkmann}, J. and 
	{Meiksin}, A.},
    title = "{The Dependence on Environment of the Color-Magnitude Relation of Galaxies}",
  journal = {\apjl},
     year = 2004,
    month = jan,
   volume = 601,
    pages = {L29-L32},
   adsurl = {http://adsabs.harvard.edu/cgi-bin/nph-bib_query?bibcode=2004ApJ...601L..29H&db_key=AST},
  adsnote = {Provided by the NASA Astrophysics Data System}
}

% Early groups
@ARTICLE{huchra_geller_82,
   author = {{Huchra}, J.~P. and {Geller}, M.~J.},
    title = "{Groups of galaxies. I - Nearby groups}",
  journal = {\apj},
     year = 1982,
    month = jun,
   volume = 257,
    pages = {423-437},
   adsurl = {http://adsabs.harvard.edu/cgi-bin/nph-bib_query?bibcode=1982ApJ...257..423H&db_key=AST},
  adsnote = {Provided by the NASA Astrophysics Data System}
}

%SDSS data
@ARTICLE{ivezic_etal_04,
   author = {{Ivezi{\'c}}, {\v Z}. and {Lupton}, R.~H. and {Schlegel}, D. and 
	{Boroski}, B. and {Adelman-McCarthy}, J. and {Yanny}, B. and 
	{Kent}, S. and {Stoughton}, C. and {Finkbeiner}, D. and {Padmanabhan}, N. and 
	{Rockosi}, C.~M. and {Gunn}, J.~E. and {Knapp}, G.~R. and {Strauss}, M.~A. and 
	{Richards}, G.~T. and {Eisenstein}, D. and {Nicinski}, T. and 
	{Kleinman}, S.~J. and {Krzesinski}, J. and {Newman}, P.~R. and 
	{Snedden}, S. and {Thakar}, A.~R. and {Szalay}, A. and {Munn}, J.~A. and 
	{Smith}, J.~A. and {Tucker}, D. and {Lee}, B.~C.},
    title = "{SDSS data management and photometric quality assessment}",
  journal = {Astronomische Nachrichten},
     year = 2004,
   volume = 325,
    pages = {583-589},
      doi = {10.1002/ansa.200410285},
   adsurl = {http://adsabs.harvard.edu/cgi-bin/nph-bib_query?bibcode=2004AN....325..583I&db_key=AST},
  adsnote = {Provided by the Smithsonian/NASA Astrophysics Data System}
}

% Halo MF
@ARTICLE{jenkins_etal_01,
   author = {{Jenkins}, A. and {Frenk}, C.~S. and {White}, S.~D.~M. and {Colberg}, J.~M. and 
	{Cole}, S. and {Evrard}, A.~E. and {Couchman}, H.~M.~P. and 
	{Yoshida}, N.},
    title = "{The mass function of dark matter haloes}",
  journal = {\mnras},
     year = 2001,
    month = feb,
   volume = 321,
    pages = {372-384},
   adsurl = {http://adsabs.harvard.edu/cgi-bin/nph-bib_query?bibcode=2001MNRAS.321..372J&db_key=AST},
  adsnote = {Provided by the Smithsonian/NASA Astrophysics Data System}
}

% SDSS Main very small scales
@ARTICLE{jiang_etal_12,
   author = {{Jiang}, T. and {Hogg}, D.~W. and {Blanton}, M.~R.},
    title = "{Galaxy Growth by Merging in the Nearby Universe}",
  journal = {\apj},
archivePrefix = "arXiv",
   eprint = {1104.5483},
 primaryClass = "astro-ph.GA",
 keywords = {cosmology: observations, galaxies: evolution, galaxies: fundamental parameters, galaxies: general, galaxies: interactions, methods: statistical},
     year = 2012,
    month = nov,
   volume = 759,
      eid = {140},
    pages = {140},
      doi = {10.1088/0004-637X/759/2/140},
   adsurl = {http://adsabs.harvard.edu/abs/2012ApJ...759..140J},
  adsnote = {Provided by the SAO/NASA Astrophysics Data System}
}

% Early HOD modeling
@ARTICLE{jing_etal_98,
   author = {{Jing}, Y.~P. and {Mo}, H.~J. and {B{\"o}rner}, G.},
    title = "{Spatial Correlation Function and Pairwise Velocity Dispersion of Galaxies: Cold Dark Matter Models versus the Las Campanas Survey}",
  journal = {\apj},
   eprint = {astro-ph/9707106},
 keywords = {COSMOLOGY: THEORY, GALAXIES: DISTANCES AND REDSHIFTS, COSMOLOGY: LARGE-SCALE STRUCTURE OF UNIVERSE, METHODS: NUMERICAL, Cosmology: Theory, Galaxies: Distances and Redshifts, Cosmology: Large-Scale Structure of Universe, Methods: Numerical},
     year = 1998,
    month = feb,
   volume = 494,
    pages = {1-12},
      doi = {10.1086/305209},
   adsurl = {http://adsabs.harvard.edu/abs/1998ApJ...494....1J},
  adsnote = {Provided by the SAO/NASA Astrophysics Data System}
}

% Early HOD modeling
@ARTICLE{jing_etal_02,
   author = {{Jing}, Y.~P. and {B{\"o}rner}, G. and {Suto}, Y.},
    title = "{Spatial Correlation Functions and the Pairwise Peculiar Velocity Dispersion of Galaxies in the Point Source Catalog Redshift Survey: Implications for the Galaxy Biasing in Cold Dark Matter Models}",
  journal = {\apj},
   eprint = {arXiv:astro-ph/0104023},
 keywords = {Cosmology: Theory, Cosmology: Dark Matter, Galaxies: Clusters: General, Galaxies: Distances and Redshifts, Cosmology: Large-Scale Structure of Universe},
     year = 2002,
    month = jan,
   volume = 564,
    pages = {15-22},
      doi = {10.1086/324332},
   adsurl = {http://adsabs.harvard.edu/abs/2002ApJ...564...15J},
  adsnote = {Provided by the SAO/NASA Astrophysics Data System}
}

% Lyman break galaxy HOD
@ARTICLE{jose_etal_13,
   author = {{Jose}, C. and {Subramanian}, K. and {Srianand}, R. and {Samui}, S.
	},
    title = "{Spatial clustering of high-redshift Lyman-break galaxies}",
  journal = {\mnras},
archivePrefix = "arXiv",
   eprint = {1208.2097},
 primaryClass = "astro-ph.CO",
 keywords = {galaxies: formation, galaxies: high-redshift, galaxies: statistics, cosmology: theory, large-scale structure of Universe},
     year = 2013,
    month = mar,
   volume = 429,
    pages = {2333-2350},
      doi = {10.1093/mnras/sts503},
   adsurl = {http://adsabs.harvard.edu/abs/2013MNRAS.429.2333J},
  adsnote = {Provided by the SAO/NASA Astrophysics Data System}
}

% Redshift distortions theory
@ARTICLE{kaiser_87,
   author = {{Kaiser}, N.},
    title = "{Clustering in real space and in redshift space}",
  journal = {\mnras},
 keywords = {ASTRONOMICAL MODELS, DEEP SPACE, GALACTIC CLUSTERS, RED SHIFT, DENSITY DISTRIBUTION, POWER SPECTRA, VELOCITY DISTRIBUTION},
     year = 1987,
    month = jul,
   volume = 227,
    pages = {1-21},
   adsurl = {http://adsabs.harvard.edu/abs/1987MNRAS.227....1K},
  adsnote = {Provided by the SAO/NASA Astrophysics Data System}
}

% SAM clustering
@ARTICLE{kauffmann_etal_97,
   author = {{Kauffmann}, G. and {Nusser}, A. and {Steinmetz}, M.},
    title = "{Galaxy formation and large-scale bias}",
  journal = {\mnras},
   eprint = {astro-ph/9512009},
 keywords = {GALAXIES: EVOLUTION, GALAXIES: FORMATION, GALAXIES: STATISTICS, DARK MATTER, LARGE-SCALE STRUCTURE OF UNIVERSE},
     year = 1997,
    month = apr,
   volume = 286,
    pages = {795-811},
   adsurl = {http://adsabs.harvard.edu/abs/1997MNRAS.286..795K},
  adsnote = {Provided by the SAO/NASA Astrophysics Data System}
}

%SAM clustering
@ARTICLE{kauffmann_etal_99,
   author = {{Kauffmann}, G. and {Colberg}, J.~M. and {Diaferio}, A. and 
	{White}, S.~D.~M.},
    title = "{Clustering of galaxies in a hierarchical universe - I. Methods and results at z=0}",
  journal = {\mnras},
   eprint = {astro-ph/9805283},
 keywords = {GALAXIES: FORMATION, GALAXIES: HALOES, DARK MATTER, LARGE-SCALE STRUCTURE OF UNIVERSE},
     year = 1999,
    month = feb,
   volume = 303,
    pages = {188-206},
      doi = {10.1046/j.1365-8711.1999.02202.x},
   adsurl = {http://adsabs.harvard.edu/abs/1999MNRAS.303..188K},
  adsnote = {Provided by the SAO/NASA Astrophysics Data System}
}

% Correlation function estimators
@ARTICLE{kerscher_etal_00,
   author = {{Kerscher}, M. and {Szapudi}, I. and {Szalay}, A.~S.},
    title = "{A Comparison of Estimators for the Two-Point Correlation Function}",
  journal = {\apjl},
   eprint = {astro-ph/9912088},
 keywords = {Galaxies: Clusters: General, Methods: Statistical},
     year = 2000,
    month = may,
   volume = 535,
    pages = {L13-L16},
      doi = {10.1086/312702},
   adsurl = {http://adsabs.harvard.edu/abs/2000ApJ...535L..13K},
  adsnote = {Provided by the SAO/NASA Astrophysics Data System}
}

% SDSS clusters
@ARTICLE{kim_etal_02,
   author = {{Kim}, R.~S.~J. and {Kepner}, J.~V. and {Postman}, M. and {Strauss}, M.~A. and 
	{Bahcall}, N.~A. and {Gunn}, J.~E. and {Lupton}, R.~H. and {Annis}, J. and 
	{Nichol}, R.~C. and {Castander}, F.~J. and {Brinkmann}, J. and 
	{Brunner}, R.~J. and {Connolly}, A. and {Csabai}, I. and {Hindsley}, R.~B. and 
	{Ivezi{\' c}}, {\v Z}. and {Vogeley}, M.~S. and {York}, D.~G.
	},
    title = "{Detecting Clusters of Galaxies in the Sloan Digital Sky Survey. I. Monte Carlo Comparison of Cluster Detection Algorithms}",
  journal = {\aj},
     year = 2002,
    month = jan,
   volume = 123,
    pages = {20-36},
   adsurl = {http://adsabs.harvard.edu/cgi-bin/nph-bib_query?bibcode=2002AJ....123...20K&db_key=AST},
  adsnote = {Provided by the NASA Astrophysics Data System}
}

% UKIDS-PanSTARRS HOD
@ARTICLE{kim_etal_14,
   author = {{Kim}, J.-W. and {Edge}, A.~C. and {Wake}, D.~A. and {Gonzalez-Perez}, V. and 
	{Baugh}, C.~M. and {Lacey}, C.~G. and {Yamada}, T. and {Sato}, Y. and 
	{Burgett}, W.~S. and {Chambers}, K.~C. and {Price}, P.~A. and 
	{Foucaud}, S. and {Draper}, P. and {Kaiser}, N.},
    title = "{Clustering of extremely red objects in Elais-N1 from the UKIDSS DXS with optical photometry from Pan-STARRS 1 and Subaru}",
  journal = {\mnras},
archivePrefix = "arXiv",
   eprint = {1311.4624},
 primaryClass = "astro-ph.CO",
 keywords = {surveys, galaxies: evolution, galaxies: photometry, cosmology: observations, infrared: galaxies},
     year = 2014,
    month = feb,
   volume = 438,
    pages = {825-840},
      doi = {10.1093/mnras/stt2245},
   adsurl = {http://adsabs.harvard.edu/abs/2014MNRAS.438..825K},
  adsnote = {Provided by the SAO/NASA Astrophysics Data System}
}

% Clusters
@ARTICLE{kochanek_etal_03,
   author = {{Kochanek}, C.~S. and {White}, M. and {Huchra}, J. and {Macri}, L. and 
	{Jarrett}, T.~H. and {Schneider}, S.~E. and {Mader}, J.},
    title = "{Clusters of Galaxies in the Local Universe}",
  journal = {\apj},
     year = 2003,
    month = mar,
   volume = 585,
    pages = {161-181},
      doi = {10.1086/345896},
   adsurl = {http://adsabs.harvard.edu/cgi-bin/nph-bib_query?bibcode=2003ApJ...585..161K&db_key=AST},
  adsnote = {Provided by the Smithsonian/NASA Astrophysics Data System}
}

% HOD theory
@ARTICLE{kravtsov_etal_04,
   author = {{Kravtsov}, A.~V. and {Berlind}, A.~A. and {Wechsler}, R.~H. and 
	{Klypin}, A.~A. and {Gottl{\" o}ber}, S. and {Allgood}, B. and 
	{Primack}, J.~R.},
    title = "{The Dark Side of the Halo Occupation Distribution}",
  journal = {\apj},
     year = 2004,
    month = jul,
   volume = 609,
    pages = {35-49},
   adsurl = {http://adsabs.harvard.edu/cgi-bin/nph-bib_query?bibcode=2004ApJ...609...35K&db_key=AST},
  adsnote = {Provided by the NASA Astrophysics Data System}
}

% Correlation function estimator
@ARTICLE{landy_szalay_93,
   author = {{Landy}, S.~D. and {Szalay}, A.~S.},
    title = "{Bias and variance of angular correlation functions}",
  journal = {\apj},
     year = 1993,
    month = jul,
   volume = 412,
    pages = {64-71},
      doi = {10.1086/172900},
   adsurl = {http://adsabs.harvard.edu/cgi-bin/nph-bib_query?bibcode=1993ApJ...412...64L&db_key=AST},
  adsnote = {Provided by the Smithsonian/NASA Astrophysics Data System}
}

% CLF-like theory framework
@ARTICLE{leauthaud_etal_11,
   author = {{Leauthaud}, A. and {Tinker}, J. and {Behroozi}, P.~S. and {Busha}, M.~T. and 
	{Wechsler}, R.~H.},
    title = "{A Theoretical Framework for Combining Techniques that Probe the Link Between Galaxies and Dark Matter}",
  journal = {\apj},
archivePrefix = "arXiv",
   eprint = {1103.2077},
 primaryClass = "astro-ph.CO",
 keywords = {cosmology: observations, dark matter, gravitational lensing: weak},
     year = 2011,
    month = sep,
   volume = 738,
      eid = {45},
    pages = {45},
      doi = {10.1088/0004-637X/738/1/45},
   adsurl = {http://adsabs.harvard.edu/abs/2011ApJ...738...45L},
  adsnote = {Provided by the SAO/NASA Astrophysics Data System}
}

% COSMOS halo modeling of lensing, clustering, and abundances
@ARTICLE{leauthaud_etal_12,
   author = {{Leauthaud}, A. and {Tinker}, J. and {Bundy}, K. and {Behroozi}, P.~S. and 
	{Massey}, R. and {Rhodes}, J. and {George}, M.~R. and {Kneib}, J.-P. and 
	{Benson}, A. and {Wechsler}, R.~H. and {Busha}, M.~T. and {Capak}, P. and 
	{Cort{\^e}s}, M. and {Ilbert}, O. and {Koekemoer}, A.~M. and 
	{Le F{\`e}vre}, O. and {Lilly}, S. and {McCracken}, H.~J. and 
	{Salvato}, M. and {Schrabback}, T. and {Scoville}, N. and {Smith}, T. and 
	{Taylor}, J.~E.},
    title = "{New Constraints on the Evolution of the Stellar-to-dark Matter Connection: A Combined Analysis of Galaxy-Galaxy Lensing, Clustering, and Stellar Mass Functions from z = 0.2 to z =1}",
  journal = {\apj},
archivePrefix = "arXiv",
   eprint = {1104.0928},
 primaryClass = "astro-ph.CO",
 keywords = {dark matter, galaxies: evolution, galaxies: formation, galaxies: luminosity function, mass function, galaxies: stellar content, gravitational lensing: weak},
     year = 2012,
    month = jan,
   volume = 744,
      eid = {159},
    pages = {159},
      doi = {10.1088/0004-637X/744/2/159},
   adsurl = {http://adsabs.harvard.edu/abs/2012ApJ...744..159L},
  adsnote = {Provided by the SAO/NASA Astrophysics Data System}
}

% SDSS groups
@ARTICLE{lee_etal_04,
   author = {{Lee}, B.~C. and {Allam}, S.~S. and {Tucker}, D.~L. and {Annis}, J. and 
	{Johnston}, D.~E. and {Scranton}, R. and {Acebo}, Y. and {Bahcall}, N.~A. and 
	{Bartelmann}, M. and {B{\" o}hringer}, H. and {Ellman}, N. and 
	{Grebel}, E.~K. and {Infante}, L. and {Loveday}, J. and {McKay}, T.~A. and 
	{Prada}, F. and {Schneider}, D.~P. and {Stoughton}, C. and {Szalay}, A.~S. and 
	{Vogeley}, M.~S. and {Voges}, W. and {Yanny}, B.},
    title = "{A Catalog of Compact Groups of Galaxies in the SDSS Commissioning Data}",
  journal = {\aj},
     year = 2004,
    month = apr,
   volume = 127,
    pages = {1811-1859},
   adsurl = {http://adsabs.harvard.edu/cgi-bin/nph-bib_query?bibcode=2004AJ....127.1811L&db_key=AST},
  adsnote = {Provided by the NASA Astrophysics Data System}
}

% Lyman break galaxy HOD
@ARTICLE{lee_etal_06,
   author = {{Lee}, K.-S. and {Giavalisco}, M. and {Gnedin}, O.~Y. and {Somerville}, R.~S. and 
	{Ferguson}, H.~C. and {Dickinson}, M. and {Ouchi}, M.},
    title = "{The Large-Scale and Small-Scale Clustering of Lyman Break Galaxies at 3.5{\lt}=z{\lt}=5.5 from the GOODS Survey}",
  journal = {\apj},
   eprint = {astro-ph/0508090},
 keywords = {Cosmology: Observations, Galaxies: Distances and Redshifts, Galaxies: Evolution, Galaxies: Formation},
     year = 2006,
    month = may,
   volume = 642,
    pages = {63-80},
      doi = {10.1086/500387},
   adsurl = {http://adsabs.harvard.edu/abs/2006ApJ...642...63L},
  adsnote = {Provided by the SAO/NASA Astrophysics Data System}
}

% Clusters
@ARTICLE{lin_etal_04,
   author = {{Lin}, Y. and {Mohr}, J.~J. and {Stanford}, S.~A.},
    title = "{K-Band Properties of Galaxy Clusters and Groups: Luminosity Function, Radial Distribution, and Halo Occupation Number}",
  journal = {\apj},
     year = 2004,
    month = aug,
   volume = 610,
    pages = {745-761},
      doi = {10.1086/421714},
   adsurl = {http://adsabs.harvard.edu/cgi-bin/nph-bib_query?bibcode=2004ApJ...610..745L&db_key=AST},
  adsnote = {Provided by the Smithsonian/NASA Astrophysics Data System}
}

% SDSS photo pipeline
@INPROCEEDINGS{lupton_etal_01,
   author = {{Lupton}, R. and {Gunn}, J.~E. and {Ivezi{\'c}}, Z. and {Knapp}, G.~R. and 
	{Kent}, S.},
    title = "{The SDSS Imaging Pipelines}",
booktitle = {Astronomical Data Analysis Software and Systems X},
     year = 2001,
   series = {Astronomical Society of the Pacific Conference Series},
   volume = 238,
   eprint = {astro-ph/0101420},
   editor = {{Harnden}, Jr., F.~R. and {Primini}, F.~A. and {Payne}, H.~E.
	},
    pages = {269},
   adsurl = {http://adsabs.harvard.edu/abs/2001ASPC..238..269L},
  adsnote = {Provided by the SAO/NASA Astrophysics Data System}
}

% 2dF galaxy luminosity function
@ARTICLE{madgwick_etal_02,
   author = {{Madgwick}, D.~S. and {Lahav}, O. and {Baldry}, I.~K. and {Baugh}, C.~M. and 
	{Bland-Hawthorn}, J. and {Bridges}, T. and {Cannon}, R. and 
	{Cole}, S. and {Colless}, M. and {Collins}, C. and {Couch}, W. and 
	{Dalton}, G. and {De Propris}, R. and {Driver}, S.~P. and {Efstathiou}, G. and 
	{Ellis}, R.~S. and {Frenk}, C.~S. and {Glazebrook}, K. and {Jackson}, C. and 
	{Lewis}, I. and {Lumsden}, S. and {Maddox}, S. and {Norberg}, P. and 
	{Peacock}, J.~A. and {Peterson}, B.~A. and {Sutherland}, W. and 
	{Taylor}, K.},
    title = "{The 2dF Galaxy Redshift Survey: galaxy luminosity functions per spectral type}",
  journal = {\mnras},
   eprint = {astro-ph/0107197},
     year = 2002,
    month = jun,
   volume = 333,
    pages = {133-144},
      doi = {10.1046/j.1365-8711.2002.05393.x},
   adsurl = {http://adsabs.harvard.edu/cgi-bin/nph-bib_query?bibcode=2002MNRAS.333..133M&db_key=AST},
  adsnote = {Provided by the Smithsonian/NASA Astrophysics Data System}
}

% 2dF HOD
@ARTICLE{magliocchetti_porciani_03,
   author = {{Magliocchetti}, M. and {Porciani}, C.},
    title = "{The halo distribution of 2dF galaxies}",
  journal = {\mnras},
   eprint = {astro-ph/0304003},
 keywords = {galaxies: fundamental parameters, galaxies: statistics, cosmology: observations, cosmology: theory, large-scale structure of Universe},
     year = 2003,
    month = nov,
   volume = 346,
    pages = {186-198},
      doi = {10.1046/j.1365-2966.2003.07094.x},
   adsurl = {http://adsabs.harvard.edu/abs/2003MNRAS.346..186M},
  adsnote = {Provided by the SAO/NASA Astrophysics Data System}
}

% AGN HOD
@ARTICLE{mandelbaum_etal_09,
   author = {{Mandelbaum}, R. and {Li}, C. and {Kauffmann}, G. and {White}, S.~D.~M.
	},
    title = "{Halo masses for optically selected and for radio-loud AGN from clustering and galaxy-galaxy lensing}",
  journal = {\mnras},
archivePrefix = "arXiv",
   eprint = {0806.4089},
 keywords = {gravitational lensing , galaxies: active , galaxies: formation , galaxies: haloes , dark matter , large-scale structure of Universe},
     year = 2009,
    month = feb,
   volume = 393,
    pages = {377-392},
      doi = {10.1111/j.1365-2966.2008.14235.x},
   adsurl = {http://adsabs.harvard.edu/abs/2009MNRAS.393..377M},
  adsnote = {Provided by the SAO/NASA Astrophysics Data System}
}

% Clusters
@ARTICLE{marinoni_hudson_02,
   author = {{Marinoni}, C. and {Hudson}, M.~J.},
    title = "{The Mass-to-Light Function of Virialized Systems and the Relationship between Their Optical and X-Ray Properties}",
  journal = {\apj},
     year = 2002,
    month = apr,
   volume = 569,
    pages = {101-111},
      doi = {10.1086/339319},
   adsurl = {http://adsabs.harvard.edu/cgi-bin/nph-bib_query?bibcode=2002ApJ...569..101M&db_key=AST},
  adsnote = {Provided by the Smithsonian/NASA Astrophysics Data System}
}

% Clusters
@ARTICLE{marinoni_etal_02,
   author = {{Marinoni}, C. and {Davis}, M. and {Newman}, J.~A. and {Coil}, A.~L.
	},
    title = "{Three-dimensional Identification and Reconstruction of Galaxy Systems within Flux-limited Redshift Surveys}",
  journal = {\apj},
     year = 2002,
    month = nov,
   volume = 580,
    pages = {122-143},
   adsurl = {http://adsabs.harvard.edu/cgi-bin/nph-bib_query?bibcode=2002ApJ...580..122M&db_key=AST},
  adsnote = {Provided by the Smithsonian/NASA Astrophysics Data System}
}

% 3-pt 
@ARTICLE{marin_etal_11,
   author = {{Mar{\'{\i}}n}, F.},
    title = "{The Large-scale Three-point Correlation Function of Sloan Digital Sky Survey Luminous Red Galaxies}",
  journal = {\apj},
archivePrefix = "arXiv",
   eprint = {1011.4530},
 primaryClass = "astro-ph.CO",
 keywords = {cosmology: observations, galaxies: statistics, large-scale structure of universe, surveys},
     year = 2011,
    month = aug,
   volume = 737,
      eid = {97},
    pages = {97},
      doi = {10.1088/0004-637X/737/2/97},
   adsurl = {http://adsabs.harvard.edu/abs/2011ApJ...737...97M},
  adsnote = {Provided by the SAO/NASA Astrophysics Data System}
}



% SDSS very small scale clustering
@ARTICLE{masjedi_etal_06,
   author = {{Masjedi}, M. and {Hogg}, D.~W. and {Cool}, R.~J. and {Eisenstein}, D.~J. and 
        {Blanton}, M.~R. and {Zehavi}, I. and {Berlind}, A.~A. and {Bell}, E.~F. and 
        {Schneider}, D.~P. and {Warren}, M.~S. and {Brinkmann}, J.},
    title = "{Very Small Scale Clustering and Merger Rate of Luminous Red Galaxies}",
  journal = {\apj},
   eprint = {arXiv:astro-ph/0512166},
 keywords = {Cosmology: Observations, Galaxies: Elliptical and Lenticular, cD, Galaxies: Fundamental Parameters, Cosmology: Large-Scale Structure of Universe, Methods: Statistical, Surveys},
     year = 2006,
    month = jun,
   volume = 644,
    pages = {54-60},
      doi = {10.1086/503536},
   adsurl = {http://adsabs.harvard.edu/abs/2006ApJ...644...54M},
  adsnote = {Provided by the SAO/NASA Astrophysics Data System}
}

% LasDamas
@INPROCEEDINGS{mcbride_etal_09,
   author = {{McBride}, C. and {Berlind}, A. and {Scoccimarro}, R. and {Wechsler}, R. and 
        {Busha}, M. and {Gardner}, J. and {van den Bosch}, F.},
    title = "{LasDamas Mock Galaxy Catalogs for SDSS}",
booktitle = {American Astronomical Society Meeting Abstracts \#213},
     year = 2009,
   series = {Bulletin of the American Astronomical Society},
   volume = 41,
    month = jan,
    pages = {425.06},
   adsurl = {http://adsabs.harvard.edu/abs/2009AAS...21342506M},
  adsnote = {Provided by the SAO/NASA Astrophysics Data System}
}

%2dF groups
@ARTICLE{merchan_zandivarez_02,
   author = {{Merch{\' a}n}, M. and {Zandivarez}, A.},
    title = "{Galaxy groups in the 2dF Galaxy Redshift Survey: the catalogue}",
  journal = {\mnras},
     year = 2002,
    month = sep,
   volume = 335,
    pages = {216-222},
   adsurl = {http://adsabs.harvard.edu/cgi-bin/nph-bib_query?bibcode=2002MNRAS.335..216M&db_key=AST},
  adsnote = {Provided by the Smithsonian/NASA Astrophysics Data System}
}

%SDSS groups
@ARTICLE{merchan_zandivarez_05,
   author = {{Merch{\'a}n}, M.~E. and {Zandivarez}, A.},
    title = "{Galaxy Groups in the Third Data Release of the Sloan Digital Sky Survey}",
  journal = {\apj},
     year = 2005,
    month = sep,
   volume = 630,
    pages = {759-763},
      doi = {10.1086/427989},
   adsurl = {http://adsabs.harvard.edu/cgi-bin/nph-bib_query?bibcode=2005ApJ...630..759M&db_key=AST},
  adsnote = {Provided by the Smithsonian/NASA Astrophysics Data System}
}

% SDSS clusters
@ARTICLE{miller_etal_05,
   author = {{Miller}, C.~J. and {Nichol}, R.~C. and {Reichart}, D. and {Wechsler}, R.~H. and 
	{Evrard}, A.~E. and {Annis}, J. and {McKay}, T.~A. and {Bahcall}, N.~A. and 
	{Bernardi}, M. and {Boehringer}, H. and {Connolly}, A.~J. and 
	{Goto}, T. and {Kniazev}, A. and {Lamb}, D. and {Postman}, M. and 
	{Schneider}, D.~P. and {Sheth}, R.~K. and {Voges}, W.},
    title = "{The C4 Clustering Algorithm: Clusters of Galaxies in the Sloan Digital Sky Survey}",
  journal = {\aj},
   eprint = {astro-ph/0503713},
     year = 2005,
    month = sep,
   volume = 130,
    pages = {968-1001},
      doi = {10.1086/431357},
   adsurl = {http://adsabs.harvard.edu/cgi-bin/nph-bib_query?bibcode=2005AJ....130..968M&db_key=AST},
  adsnote = {Provided by the Smithsonian/NASA Astrophysics Data System}
}

% Halo bias theory
@ARTICLE{mo_white_96,
   author = {{Mo}, H.~J. and {White}, S.~D.~M.},
    title = "{An analytic model for the spatial clustering of dark matter haloes}",
  journal = {\mnras},
   eprint = {astro-ph/9512127},
     year = 1996,
    month = sep,
   volume = 282,
    pages = {347-361},
   adsurl = {http://adsabs.harvard.edu/cgi-bin/nph-bib_query?bibcode=1996MNRAS.282..347M&db_key=AST},
  adsnote = {Provided by the Smithsonian/NASA Astrophysics Data System}
}

% Halo theory
@ARTICLE{mo_etal_96,
   author = {{Mo}, H.~J. and {Jing}, Y.~P. and {White}, S.~D.~M.},
    title = "{The correlation function of clusters of galaxies and the amplitude of mass fluctuations in the Universe}",
  journal = {\mnras},
   eprint = {astro-ph/9602052},
     year = 1996,
    month = oct,
   volume = 282,
    pages = {1096-1104},
   adsurl = {http://adsabs.harvard.edu/cgi-bin/nph-bib_query?bibcode=1996MNRAS.282.1096M&db_key=AST},
  adsnote = {Provided by the Smithsonian/NASA Astrophysics Data System}
}

% Groups
@ARTICLE{moore_etal_93,
   author = {{Moore}, B. and {Frenk}, C.~S. and {White}, S.~D.~M.},
    title = "{Galaxy Groups - Abundance by Luminosity and by Velocity Dispersion}",
  journal = {\mnras},
     year = 1993,
    month = apr,
   volume = 261,
    pages = {827-+},
   adsurl = {http://adsabs.harvard.edu/cgi-bin/nph-bib_query?bibcode=1993MNRAS.261..827M&db_key=AST},
  adsnote = {Provided by the NASA Astrophysics Data System}
}


%Satellite-kinematics - scatter in Lcen-Mcen relation
@ARTICLE{more_etal_09,
   author = {{More}, S. and {van den Bosch}, F.~C. and {Cacciato}, M. and 
             {Mo}, H.~J. and {Yang}, X. and {Li}, R.},
    title = "{Satellite kinematics - II. The halo mass-luminosity relation of central galaxies in SDSS}",
  journal = {\mnras},
archivePrefix = "arXiv",
   eprint = {0807.4532},
 keywords = {methods: statistical , galaxies: fundamental parameters , galaxies: haloes , galaxies: kinematics and dynamics , galaxies: structure , dark matter},
     year = 2009,
    month = jan,
   volume = 392,
    pages = {801-816},
      doi = {10.1111/j.1365-2966.2008.14095.x},
   adsurl = {http://adsabs.harvard.edu/abs/2009MNRAS.392..801M},
  adsnote = {Provided by the SAO/NASA Astrophysics Data System}
}


% Extremely red objects HOD
@ARTICLE{moustakas_somerville_02,
   author = {{Moustakas}, L.~A. and {Somerville}, R.~S.},
    title = "{The Masses, Ancestors, and Descendants of Extremely Red Objects: Constraints from Spatial Clustering}",
  journal = {\apj},
   eprint = {astro-ph/0110584},
 keywords = {Cosmology: Theory, Galaxies: Evolution, Galaxies: High-Redshift},
     year = 2002,
    month = sep,
   volume = 577,
    pages = {1-10},
      doi = {10.1086/342133},
   adsurl = {http://adsabs.harvard.edu/abs/2002ApJ...577....1M},
  adsnote = {Provided by the SAO/NASA Astrophysics Data System}
}

% NFW
@ARTICLE{navarro_etal_97,
   author = {{Navarro}, J.~F. and {Frenk}, C.~S. and {White}, S.~D.~M.},
    title = "{A Universal Density Profile from Hierarchical Clustering}",
  journal = {\apj},
   eprint = {arXiv:astro-ph/9611107},
 keywords = {COSMOLOGY: THEORY, COSMOLOGY: DARK MATTER, GALAXIES: HALOS, METHODS: NUMERICAL},
     year = 1997,
    month = dec,
   volume = 490,
    pages = {493-+},
      doi = {10.1086/304888},
   adsurl = {http://adsabs.harvard.edu/abs/1997ApJ...490..493N},
  adsnote = {Provided by the SAO/NASA Astrophysics Data System}
}

% Nbody halo profiles
@ARTICLE{navarro_etal_04,
   author = {{Navarro}, J.~F. and {Hayashi}, E. and {Power}, C. and {Jenkins}, A.~R. and 
        {Frenk}, C.~S. and {White}, S.~D.~M. and {Springel}, V. and 
        {Stadel}, J. and {Quinn}, T.~R.},
    title = "{The inner structure of {$\Lambda$}CDM haloes - III. Universality and asymptotic slopes}",
  journal = {\mnras},
   eprint = {astro-ph/0311231},
 keywords = {gravitation, cosmology: theory, dark matter},
     year = 2004,
    month = apr,
   volume = 349,
    pages = {1039-1051},
      doi = {10.1111/j.1365-2966.2004.07586.x},
   adsurl = {http://adsabs.harvard.edu/abs/2004MNRAS.349.1039N},
  adsnote = {Provided by the SAO/NASA Astrophysics Data System}
}

% Nbody halo profiles
@ARTICLE{navarro_etal_10,
   author = {{Navarro}, J.~F. and {Ludlow}, A. and {Springel}, V. and {Wang}, J. and 
        {Vogelsberger}, M. and {White}, S.~D.~M. and {Jenkins}, A. and 
        {Frenk}, C.~S. and {Helmi}, A.},
    title = "{The diversity and similarity of simulated cold dark matter haloes}",
  journal = {\mnras},
archivePrefix = "arXiv",
   eprint = {0810.1522},
 keywords = {methods: numerical, dark matter},
     year = 2010,
    month = feb,
   volume = 402,
    pages = {21-34},
      doi = {10.1111/j.1365-2966.2009.15878.x},
   adsurl = {http://adsabs.harvard.edu/abs/2010MNRAS.402...21N},
  adsnote = {Provided by the SAO/NASA Astrophysics Data System}
}

% SDSS LRG HOD
@ARTICLE{nikoloudakis_etal_13,
   author = {{Nikoloudakis}, N. and {Shanks}, T. and {Sawangwit}, U.},
    title = "{Clustering analysis of high-redshift luminous red galaxies in Stripe 82}",
  journal = {\mnras},
archivePrefix = "arXiv",
   eprint = {1204.3609},
 primaryClass = "astro-ph.CO",
 keywords = {cosmology: observations, galaxies: evolution-high-redshift, large-scale structure of Universe},
     year = 2013,
    month = mar,
   volume = 429,
    pages = {2032-2051},
      doi = {10.1093/mnras/sts475},
   adsurl = {http://adsabs.harvard.edu/abs/2013MNRAS.429.2032N},
  adsnote = {Provided by the SAO/NASA Astrophysics Data System}
}

% CfA groups
@ARTICLE{nolthenius_white_87,
   author = {{Nolthenius}, R. and {White}, S.~D.~M.},
    title = "{Groups of galaxies in the CfA survey and in cold dark matter universes}",
  journal = {\mnras},
     year = 1987,
    month = apr,
   volume = 225,
    pages = {505-530},
   adsurl = {http://adsabs.harvard.edu/cgi-bin/nph-bib_query?bibcode=1987MNRAS.225..505N&db_key=AST},
  adsnote = {Provided by the NASA Astrophysics Data System}
}

% Jack-knife errors on dark matter volume
@ARTICLE{norberg_etal_09,
   author = {{Norberg}, P. and {Baugh}, C.~M. and {Gazta{\~n}aga}, E. and 
{Croton}, D.~J.},
    title = "{Statistical analysis of galaxy surveys - I. Robust error estimation for two-point clustering statistics}",
  journal = {\mnras},
archivePrefix = "arXiv",
   eprint = {0810.1885},
 keywords = {galaxies: statistics , cosmology: theory , large-scale structure of Universe},
     year = 2009,
    month = jun,
   volume = 396,
    pages = {19-38},
      doi = {10.1111/j.1365-2966.2009.14389.x},
   adsurl = {http://adsabs.harvard.edu/abs/2009MNRAS.396...19N},
  adsnote = {Provided by the SAO/NASA Astrophysics Data System}
}


% 2dF clustering
@ARTICLE{norberg_etal_01,
   author = {{Norberg}, P. and {Baugh}, C.~M. and {Hawkins}, E. and {Maddox}, S. and 
        {Madgwick}, D. and {Lahav}, O. and {Cole}, S. and {Frenk}, C.~S. and 
        {Baldry}, I. and {Bland-Hawthorn}, J. and {Bridges}, T. and 
        {Cannon}, R. and {Colless}, M. and {Collins}, C. and {Couch}, W. and 
        {Dalton}, G. and {De Propris}, R. and {Driver}, S.~P. and {Efstathiou}, G. and 
        {Ellis}, R.~S. and {Glazebrook}, K. and {Jackson}, C. and {Lewis}, I. and 
        {Lumsden}, S. and {Peacock}, J.~A. and {Peterson}, B.~A. and 
        {Sutherland}, W. and {Taylor}, K.},
    title = "{The 2dF Galaxy Redshift Survey: the dependence of galaxy clustering on luminosity and spectral type}",
  journal = {\mnras},
   eprint = {arXiv:astro-ph/0112043},
 keywords = {methods: numerical, methods: statistical, galaxies: formation, large-scale structure of Universe},
     year = 2002,
    month = jun,
   volume = 332,
    pages = {827-838},
      doi = {10.1046/j.1365-8711.2002.05348.x},
   adsurl = {http://adsabs.harvard.edu/abs/2002MNRAS.332..827N},
  adsnote = {Provided by the SAO/NASA Astrophysics Data System}
}

% 2dF groups
@ARTICLE{padilla_etal_04,
   author = {{Padilla}, N.~D. and {Baugh}, C.~M. and {Eke}, V.~R. and {Norberg}, P. and 
	{Cole}, S. and {Frenk}, C.~S. and {Croton}, D.~J. and {Baldry}, I.~K. and 
	{Bland-Hawthorn}, J. and {Bridges}, T. and {Cannon}, R. and 
	{Colless}, M. and {Collins}, C. and {Couch}, W. and {Dalton}, G. and 
	{De Propris}, R. and {Driver}, S.~P. and {Efstathiou}, G. and 
	{Ellis}, R.~S. and {Glazebrook}, K. and {Jackson}, C. and {Lahav}, O. and 
	{Lewis}, I. and {Lumsden}, S. and {Maddox}, S. and {Madgwick}, D. and 
	{Peacock}, J.~A. and {Peterson}, B.~A. and {Sutherland}, W. and 
	{Taylor}, K.},
    title = "{The 2dF Galaxy Redshift Survey: the clustering of galaxy groups}",
  journal = {\mnras},
   eprint = {astro-ph/0402577},
     year = 2004,
    month = jul,
   volume = 352,
    pages = {211-225},
      doi = {10.1111/j.1365-2966.2004.07911.x},
   adsurl = {http://adsabs.harvard.edu/cgi-bin/nph-bib_query?bibcode=2004MNRAS.352..211P&db_key=AST},
  adsnote = {Provided by the Smithsonian/NASA Astrophysics Data System}
}

% BOSS LOWZ clustering and HOD
@ARTICLE{parejko_etal_13,
   author = {{Parejko}, J.~K. and {Sunayama}, T. and {Padmanabhan}, N. and 
        {Wake}, D.~A. and {Berlind}, A.~A. and {Bizyaev}, D. and {Blanton}, M. and 
        {Bolton}, A.~S. and {van den Bosch}, F. and {Brinkmann}, J. and 
        {Brownstein}, J.~R. and {da Costa}, L.~A.~N. and {Eisenstein}, D.~J. and 
        {Guo}, H. and {Kazin}, E. and {Maia}, M. and {Malanushenko}, E. and 
        {Maraston}, C. and {McBride}, C.~K. and {Nichol}, R.~C. and 
        {Oravetz}, D.~J. and {Pan}, K. and {Percival}, W.~J. and {Prada}, F. and 
        {Ross}, A.~J. and {Ross}, N.~P. and {Schlegel}, D.~J. and {Schneider}, D. and 
        {Simmons}, A.~E. and {Skibba}, R. and {Tinker}, J. and {Tojeiro}, R. and 
        {Weaver}, B.~A. and {Wetzel}, A. and {White}, M. and {Weinberg}, D.~H. and 
        {Thomas}, D. and {Zehavi}, I. and {Zheng}, Z.},
    title = "{The clustering of galaxies in the SDSS-III Baryon Oscillation Spectroscopic Survey: the low-redshift sample}",
  journal = {\mnras},
archivePrefix = "arXiv",
   eprint = {1211.3976},
 primaryClass = "astro-ph.CO",
 keywords = {large-scale structure of Universe, galaxies: haloes, galaxies: evolution, galaxies: statistics, surveys},
     year = 2013,
    month = feb,
   volume = 429,
    pages = {98-112},
      doi = {10.1093/mnras/sts314},
   adsurl = {http://adsabs.harvard.edu/abs/2013MNRAS.429...98P},
  adsnote = {Provided by the SAO/NASA Astrophysics Data System}
}

% Halo model
@ARTICLE{peacock_smith_00,
   author = {{Peacock}, J.~A. and {Smith}, R.~E.},
    title = "{Halo occupation numbers and galaxy bias}",
  journal = {\mnras},
     year = 2000,
    month = nov,
   volume = 318,
    pages = {1144-1156},
   adsurl = {http://adsabs.harvard.edu/cgi-bin/nph-bib_query?bibcode=2000MNRAS.318.1144P&db_key=AST},
  adsnote = {Provided by the Smithsonian/NASA Astrophysics Data System}
}

% SDSS astrometry
@ARTICLE{pier_etal_03,
   author = {{Pier}, J.~R. and {Munn}, J.~A. and {Hindsley}, R.~B. and {Hennessy}, G.~S. and 
	{Kent}, S.~M. and {Lupton}, R.~H. and {Ivezi{\' c}}, {\v Z}.
	},
    title = "{Astrometric Calibration of the Sloan Digital Sky Survey}",
  journal = {\aj},
     year = 2003,
    month = mar,
   volume = 125,
    pages = {1559-1579},
   adsurl = {http://adsabs.harvard.edu/cgi-bin/nph-bib_query?bibcode=2003AJ....125.1559P&db_key=AST},
  adsnote = {Provided by the NASA Astrophysics Data System}
}

% SDSS HOD
@ARTICLE{piscionere_etal_14,
   author = {{Piscionere}, J.~A. and {Berlind}, A.~A. and {McBride}, C.~K. and 
	{Scoccimarro}, R.},
    title = "{The Spatial Distribution of Satellite Galaxies Within Halos: Measuring the Very Small Scale Angular Clustering of SDSS Galaxies}",
  journal = {ArXiv e-prints},
archivePrefix = "arXiv",
   eprint = {1407.6740},
 keywords = {Astrophysics - Astrophysics of Galaxies, Astrophysics - Cosmology and Nongalactic Astrophysics},
     year = 2014,
    month = jul,
   adsurl = {http://adsabs.harvard.edu/abs/2014arXiv1407.6740P},
  adsnote = {Provided by the SAO/NASA Astrophysics Data System}
}

% Press-Schecter
@ARTICLE{press_schechter_74,
   author = {{Press}, W.~H. and {Schechter}, P.},
    title = "{Formation of Galaxies and Clusters of Galaxies by Self-Similar Gravitational Condensation}",
  journal = {\apj},
     year = 1974,
    month = feb,
   volume = 187,
    pages = {425-438},
      doi = {10.1086/152650},
   adsurl = {http://adsabs.harvard.edu/abs/1974ApJ...187..425P},
  adsnote = {Provided by the SAO/NASA Astrophysics Data System}
}

% CfA groups
@ARTICLE{ramella_etal_89,
   author = {{Ramella}, M. and {Geller}, M.~J. and {Huchra}, J.~P.},
    title = "{Groups of galaxies in the Center for Astrophysics redshift survey}",
  journal = {\apj},
     year = 1989,
    month = sep,
   volume = 344,
    pages = {57-74},
   adsurl = {http://adsabs.harvard.edu/cgi-bin/nph-bib_query?bibcode=1989ApJ...344...57R&db_key=AST},
  adsnote = {Provided by the NASA Astrophysics Data System}
}

% CfA groups
@ARTICLE{ramella_etal_97,
   author = {{Ramella}, M. and {Pisani}, A. and {Geller}, M.~J.},
    title = "{Groups of Galaxies in the Northern CfA Redshift Survey}",
  journal = {\aj},
     year = 1997,
    month = feb,
   volume = 113,
    pages = {483-+},
   adsurl = {http://adsabs.harvard.edu/cgi-bin/nph-bib_query?bibcode=1997AJ....113..483R&db_key=AST},
  adsnote = {Provided by the Smithsonian/NASA Astrophysics Data System}
}

% ESP groups
@ARTICLE{ramella_etal_99,
   author = {{Ramella}, M. and {Zamorani}, G. and {Zucca}, E. and {Stirpe}, G.~M. and 
	{Vettolani}, G. and {Balkowski}, C. and {Blanchard}, A. and 
	{Cappi}, A. and {Cayatte}, V. and {Chincarini}, G. and {Collins}, C. and 
	{Guzzo}, L. and {MacGillivray}, H. and {Maccagni}, D. and {Maurogordato}, S. and 
	{Merighi}, R. and {Mignoli}, M. and {Pisani}, A. and {Proust}, D. and 
	{Scaramella}, R.},
    title = "{The ESO slice project (ESP) galaxy redshift survey VI. Groups of galaxies}",
  journal = {\aap},
     year = 1999,
    month = feb,
   volume = 342,
    pages = {1-14},
   adsurl = {http://adsabs.harvard.edu/cgi-bin/nph-bib_query?bibcode=1999A%26A...342....1R&db_key=AST},
  adsnote = {Provided by the Smithsonian/NASA Astrophysics Data System}
}

% UZC-SSRS2 groups
@ARTICLE{ramella_etal_02,
   author = {{Ramella}, M. and {Geller}, M.~J. and {Pisani}, A. and {da Costa}, L.~N.
	},
    title = "{The UZC-SSRS2 Group Catalog}",
  journal = {\aj},
     year = 2002,
    month = jun,
   volume = 123,
    pages = {2976-2984},
   adsurl = {http://adsabs.harvard.edu/cgi-bin/nph-bib_query?bibcode=2002AJ....123.2976R&db_key=AST},
  adsnote = {Provided by the Smithsonian/NASA Astrophysics Data System}
}

% BOSS clustering
@ARTICLE{reid_etal_14,
   author = {{Reid}, B.~A. and {Seo}, H.-J. and {Leauthaud}, A. and {Tinker}, J.~L. and 
        {White}, M.},
    title = "{A 2.5\% measurement of the growth rate from small-scale redshift space clustering of SDSS-III CMASS galaxies}",
  journal = {ArXiv e-prints},
archivePrefix = "arXiv",
   eprint = {1404.3742},
 keywords = {Astrophysics - Cosmology and Nongalactic Astrophysics},
     year = 2014,
    month = apr,
   adsurl = {http://adsabs.harvard.edu/abs/2014arXiv1404.3742R},
  adsnote = {Provided by the SAO/NASA Astrophysics Data System}
}

% SDSS QSO target selection
@ARTICLE{richards_etal_02,
   author = {{Richards}, G.~T. and {Fan}, X. and {Newberg}, H.~J. and {Strauss}, M.~A. and 
	{Vanden Berk}, D.~E. and {Schneider}, D.~P. and {Yanny}, B. and 
	{Boucher}, A. and {Burles}, S. and {Frieman}, J.~A. and {Gunn}, J.~E. and 
	{Hall}, P.~B. and {Ivezi{\' c}}, {\v Z}. and {Kent}, S. and 
	{Loveday}, J. and {Lupton}, R.~H. and {Rockosi}, C.~M. and {Schlegel}, D.~J. and 
	{Stoughton}, C. and {SubbaRao}, M. and {York}, D.~G.},
    title = "{Spectroscopic Target Selection in the Sloan Digital Sky Survey: The Quasar Sample}",
  journal = {\aj},
     year = 2002,
    month = jun,
   volume = 123,
    pages = {2945-2975},
   adsurl = {http://adsabs.harvard.edu/cgi-bin/nph-bib_query?bibcode=2002AJ....123.2945R&db_key=AST},
  adsnote = {Provided by the NASA Astrophysics Data System}
}

% AGN HOD
@ARTICLE{richardson_etal_13,
   author = {{Richardson}, J. and {Chatterjee}, S. and {Zheng}, Z. and {Myers}, A.~D. and 
	{Hickox}, R.},
    title = "{The Halo Occupation Distribution of X-Ray-bright Active Galactic Nuclei: A Comparison with Luminous Quasars}",
  journal = {\apj},
archivePrefix = "arXiv",
   eprint = {1303.2942},
 primaryClass = "astro-ph.CO",
 keywords = {dark matter, galaxies: active, galaxies: nuclei, large-scale structure of universe},
     year = 2013,
    month = sep,
   volume = 774,
      eid = {143},
    pages = {143},
      doi = {10.1088/0004-637X/774/2/143},
   adsurl = {http://adsabs.harvard.edu/abs/2013ApJ...774..143R},
  adsnote = {Provided by the SAO/NASA Astrophysics Data System}
}

% Dark matter
@ARTICLE{rubin_ford_70,
   author = {{Rubin}, V.~C. and {Ford}, Jr., W.~K.},
    title = "{Rotation of the Andromeda Nebula from a Spectroscopic Survey of Emission Regions}",
  journal = {\apj},
     year = 1970,
    month = feb,
   volume = 159,
    pages = {379-+},
      doi = {10.1086/150317},
   adsurl = {http://adsabs.harvard.edu/abs/1970ApJ...159..379R},
  adsnote = {Provided by the SAO/NASA Astrophysics Data System}
}

% Dust maps
@ARTICLE{schlegel_etal_98,
   author = {{Schlegel}, D.~J. and {Finkbeiner}, D.~P. and {Davis}, M.},
    title = "{Maps of Dust Infrared Emission for Use in Estimation of Reddening and Cosmic Microwave Background Radiation Foregrounds}",
  journal = {\apj},
     year = 1998,
    month = jun,
   volume = 500,
    pages = {525-+},
   adsurl = {http://adsabs.harvard.edu/cgi-bin/nph-bib_query?bibcode=1998ApJ...500..525S&db_key=AST},
  adsnote = {Provided by the NASA Astrophysics Data System}
}

% Halo model theory
@ARTICLE{scoccimarro_etal_01,
   author = {{Scoccimarro}, R. and {Sheth}, R.~K. and {Hui}, L. and {Jain}, B.
	},
    title = "{How Many Galaxies Fit in a Halo? Constraints on Galaxy Formation Efficiency from Spatial Clustering}",
  journal = {\apj},
   eprint = {astro-ph/0006319},
     year = 2001,
    month = jan,
   volume = 546,
    pages = {20-34},
      doi = {10.1086/318261},
   adsurl = {http://adsabs.harvard.edu/cgi-bin/nph-bib_query?bibcode=2001ApJ...546...20S&db_key=AST},
  adsnote = {Provided by the Smithsonian/NASA Astrophysics Data System}
}

% CMB theory
@ARTICLE{seljak_zaldarriaga_96,
   author = {{Seljak}, U. and {Zaldarriaga}, M.},
    title = "{A Line-of-Sight Integration Approach to Cosmic Microwave Background Anisotropies}",
  journal = {\apj},
     year = 1996,
    month = oct,
   volume = 469,
    pages = {437-+},
   adsurl = {http://adsabs.harvard.edu/cgi-bin/nph-bib_query?bibcode=1996ApJ...469..437S&db_key=AST},
  adsnote = {Provided by the Smithsonian/NASA Astrophysics Data System}
}

% Halo model theory
@ARTICLE{seljak_00,
   author = {{Seljak}, U.},
    title = "{Analytic model for galaxy and dark matter clustering}",
  journal = {\mnras},
   eprint = {astro-ph/0001493},
     year = 2000,
    month = oct,
   volume = 318,
    pages = {203-213},
   adsurl = {http://adsabs.harvard.edu/cgi-bin/nph-bib_query?bibcode=2000MNRAS.318..203S&db_key=AST},
  adsnote = {Provided by the Smithsonian/NASA Astrophysics Data System}
}

% Nbody halo bias
@ARTICLE{seljak_warren_04,
   author = {{Seljak}, U. and {Warren}, M.~S.},
    title = "{Large-scale bias and stochasticity of haloes and dark matter}",
  journal = {\mnras},
   eprint = {astro-ph/0403698},
     year = 2004,
    month = nov,
   volume = 355,
    pages = {129-136},
      doi = {10.1111/j.1365-2966.2004.08297.x},
   adsurl = {http://adsabs.harvard.edu/cgi-bin/nph-bib_query?bibcode=2004MNRAS.355..129S&db_key=AST},
  adsnote = {Provided by the Smithsonian/NASA Astrophysics Data System}
}

% Early clusters
@ARTICLE{shapley_ames_26,
   author = {{Shapley}, H. and {Ames}, A.},
    title = "{A Study of a Cluster of Bright Spiral Nebulae.}",
  journal = {Harvard College Observatory Circular},
     year = 1926,
    month = apr,
   volume = 294,
    pages = {1-8},
   adsurl = {http://adsabs.harvard.edu/cgi-bin/nph-bib_query?bibcode=1926HarCi.294....1S&db_key=AST},
  adsnote = {Provided by the Smithsonian/NASA Astrophysics Data System}
}

% Halo model theory
@ARTICLE{sheth_tormen_99,
   author = {{Sheth}, R.~K. and {Tormen}, G.},
    title = "{Large-scale bias and the peak background split}",
  journal = {\mnras},
   eprint = {astro-ph/9901122},
     year = 1999,
    month = sep,
   volume = 308,
    pages = {119-126},
   adsurl = {http://adsabs.harvard.edu/cgi-bin/nph-bib_query?bibcode=1999MNRAS.308..119S&db_key=AST},
  adsnote = {Provided by the Smithsonian/NASA Astrophysics Data System}
}

% Halo theory
@ARTICLE{sheth_tormen_04,
   author = {{Sheth}, R.~K. and {Tormen}, G.},
    title = "{On the environmental dependence of halo formation}",
  journal = {\mnras},
   eprint = {astro-ph/0402237},
     year = 2004,
    month = jun,
   volume = 350,
    pages = {1385-1390},
      doi = {10.1111/j.1365-2966.2004.07733.x},
   adsurl = {http://adsabs.harvard.edu/cgi-bin/nph-bib_query?bibcode=2004MNRAS.350.1385S&db_key=AST},
  adsnote = {Provided by the Smithsonian/NASA Astrophysics Data System}
}

% Marked correlation function
@ARTICLE{skibba_etal_06,
   author = {{Skibba}, R. and {Sheth}, R.~K. and {Connolly}, A.~J. and {Scranton}, R.
	},
    title = "{The luminosity-weighted or `marked' correlation function}",
  journal = {\mnras},
   eprint = {astro-ph/0512463},
     year = 2006,
    month = jun,
   volume = 369,
    pages = {68-76},
      doi = {10.1111/j.1365-2966.2006.10196.x},
   adsurl = {http://adsabs.harvard.edu/cgi-bin/nph-bib_query?bibcode=2006MNRAS.369...68S&db_key=AST},
  adsnote = {Provided by the Smithsonian/NASA Astrophysics Data System}
}

% SDSS filters
@ARTICLE{smith_etal_02,
   author = {{Smith}, J.~A. and {Tucker}, D.~L. and {Kent}, S. and {Richmond}, M.~W. and 
	{Fukugita}, M. and {Ichikawa}, T. and {Ichikawa}, S. and {Jorgensen}, A.~M. and 
	{Uomoto}, A. and {Gunn}, J.~E. and {Hamabe}, M. and {Watanabe}, M. and 
	{Tolea}, A. and {Henden}, A. and {Annis}, J. and {Pier}, J.~R. and 
	{McKay}, T.~A. and {Brinkmann}, J. and {Chen}, B. and {Holtzman}, J. and 
	{Shimasaku}, K. and {York}, D.~G.},
    title = "{The u'g'r'i'z' Standard-Star System}",
  journal = {\aj},
     year = 2002,
    month = apr,
   volume = 123,
    pages = {2121-2144},
   adsurl = {http://adsabs.harvard.edu/cgi-bin/nph-bib_query?bibcode=2002AJ....123.2121S&db_key=AST},
  adsnote = {Provided by the NASA Astrophysics Data System}
}

% WMAP1 cosmological parameters
@ARTICLE{spergel_etal_03,
   author = {{Spergel}, D.~N. and {Verde}, L. and {Peiris}, H.~V. and {Komatsu}, E. and 
	{Nolta}, M.~R. and {Bennett}, C.~L. and {Halpern}, M. and {Hinshaw}, G. and 
	{Jarosik}, N. and {Kogut}, A. and {Limon}, M. and {Meyer}, S.~S. and 
	{Page}, L. and {Tucker}, G.~S. and {Weiland}, J.~L. and {Wollack}, E. and 
	{Wright}, E.~L.},
    title = "{First-Year Wilkinson Microwave Anisotropy Probe (WMAP) Observations: Determination of Cosmological Parameters}",
  journal = {\apjs},
     year = 2003,
    month = sep,
   volume = 148,
    pages = {175-194},
   adsurl = {http://adsabs.harvard.edu/cgi-bin/nph-bib_query?bibcode=2003ApJS..148..175S&db_key=AST},
  adsnote = {Provided by the Smithsonian/NASA Astrophysics Data System}
}

% WMAP3 cosmological parameters
@ARTICLE{spergel_etal_06,
   author = {{Spergel}, D.~N. and {Bean}, R. and {Dore'}, O. and {Nolta}, M.~R. and 
	{Bennett}, C.~L. and {Hinshaw}, G. and {Jarosik}, N. and {Komatsu}, E. and 
	{Page}, L. and {Peiris}, H.~V. and {Verde}, L. and {Barnes}, C. and 
	{Halpern}, M. and {Hill}, R.~S. and {Kogut}, A. and {Limon}, M. and 
	{Meyer}, S.~S. and {Odegard}, N. and {Tucker}, G.~S. and {Weiland}, J.~L. and 
	{Wollack}, E. and {Wright}, E.~L.},
    title = "{Wilkinson Microwave Anisotropy Probe (WMAP) Three Year Results: Implications for Cosmology}",
  journal = {ArXiv Astrophysics e-prints},
   eprint = {astro-ph/0603449},
     year = 2006,
    month = mar,
   adsurl = {http://adsabs.harvard.edu/cgi-bin/nph-bib_query?bibcode=2006astro.ph..3449S&db_key=PRE},
  adsnote = {Provided by the Smithsonian/NASA Astrophysics Data System}
}

% GADGET-2
@ARTICLE{springel_05,
   author = {{Springel}, V.},
    title = "{The cosmological simulation code GADGET-2}",
  journal = {\mnras},
   eprint = {astro-ph/0505010},
     year = 2005,
    month = dec,
   volume = 364,
    pages = {1105-1134},
      doi = {10.1111/j.1365-2966.2005.09655.x},
   adsurl = {http://adsabs.harvard.edu/cgi-bin/nph-bib_query?bibcode=2005MNRAS.364.1105S&db_key=AST},
  adsnote = {Provided by the Smithsonian/NASA Astrophysics Data System}
}

% Nbody
@ARTICLE{springel_etal_05,
   author = {{Springel}, V. and {White}, S.~D.~M. and {Jenkins}, A. and {Frenk}, C.~S. and 
	{Yoshida}, N. and {Gao}, L. and {Navarro}, J. and {Thacker}, R. and 
	{Croton}, D. and {Helly}, J. and {Peacock}, J.~A. and {Cole}, S. and 
	{Thomas}, P. and {Couchman}, H. and {Evrard}, A. and {Colberg}, J. and 
	{Pearce}, F.},
    title = "{Simulations of the formation, evolution and clustering of galaxies and quasars}",
  journal = {\nat},
   eprint = {astro-ph/0504097},
     year = 2005,
    month = jun,
   volume = 435,
    pages = {629-636},
      doi = {10.1038/nature03597},
   adsurl = {http://adsabs.harvard.edu/cgi-bin/nph-bib_query?bibcode=2005Natur.435..629S&db_key=AST},
  adsnote = {Provided by the Smithsonian/NASA Astrophysics Data System}
}

% SDSS EDR
@ARTICLE{stoughton_etal_02,
   author = {{Stoughton}, C. and {Lupton}, R.~H. and {Bernardi}, M. and {Blanton}, M.~R. and 
	{Burles}, S. and {Castander}, F.~J. and {Connolly}, A.~J. and 
	{Eisenstein}, D.~J. and {Frieman}, J.~A. and {Hennessy}, G.~S. and 
	{Hindsley}, R.~B. and {Ivezi{\' c}}, {\v Z}. and {Kent}, S. and 
	{Kunszt}, P.~Z. and {Lee}, B.~C. and {Meiksin}, A. and {Munn}, J.~A. and 
	{Newberg}, H.~J. and {Nichol}, R.~C. and {Nicinski}, T. and 
	{Pier}, J.~R. and {Richards}, G.~T. and {Richmond}, M.~W. and 
	{Schlegel}, D.~J. and {Smith}, J.~A. and {Strauss}, M.~A. and 
	{SubbaRao}, M. and {Szalay}, A.~S. and {Thakar}, A.~R. and {Tucker}, D.~L. and 
	{Vanden Berk}, D.~E. and {Yanny}, B. and {Adelman}, J.~K. and 
	{Anderson}, J.~E. and {Anderson}, S.~F. and {Annis}, J. and 
	{Bahcall}, N.~A. and {Bakken}, J.~A. and {Bartelmann}, M. and 
	{Bastian}, S. and {Bauer}, A. and {Berman}, E. and {B{\" o}hringer}, H. and 
	{Boroski}, W.~N. and {Bracker}, S. and {Briegel}, C. and {Briggs}, J.~W. and 
	{Brinkmann}, J. and {Brunner}, R. and {Carey}, L. and {Carr}, M.~A. and 
	{Chen}, B. and {Christian}, D. and {Colestock}, P.~L. and {Crocker}, J.~H. and 
	{Csabai}, I. and {Czarapata}, P.~C. and {Dalcanton}, J. and 
	{Davidsen}, A.~F. and {Davis}, J.~E. and {Dehnen}, W. and {Dodelson}, S. and 
	{Doi}, M. and {Dombeck}, T. and {Donahue}, M. and {Ellman}, N. and 
	{Elms}, B.~R. and {Evans}, M.~L. and {Eyer}, L. and {Fan}, X. and 
	{Federwitz}, G.~R. and {Friedman}, S. and {Fukugita}, M. and 
	{Gal}, R. and {Gillespie}, B. and {Glazebrook}, K. and {Gray}, J. and 
	{Grebel}, E.~K. and {Greenawalt}, B. and {Greene}, G. and {Gunn}, J.~E. and 
	{de Haas}, E. and {Haiman}, Z. and {Haldeman}, M. and {Hall}, P.~B. and 
	{Hamabe}, M. and {Hansen}, B. and {Harris}, F.~H. and {Harris}, H. and 
	{Harvanek}, M. and {Hawley}, S.~L. and {Hayes}, J.~J.~E. and 
	{Heckman}, T.~M. and {Helmi}, A. and {Henden}, A. and {Hogan}, C.~J. and 
	{Hogg}, D.~W. and {Holmgren}, D.~J. and {Holtzman}, J. and {Huang}, C. and 
	{Hull}, C. and {Ichikawa}, S. and {Ichikawa}, T. and {Johnston}, D.~E. and 
	{Kauffmann}, G. and {Kim}, R.~S.~J. and {Kimball}, T. and {Kinney}, E. and 
	{Klaene}, M. and {Kleinman}, S.~J. and {Klypin}, A. and {Knapp}, G.~R. and 
	{Korienek}, J. and {Krolik}, J. and {Kron}, R.~G. and {Krzesi{\' n}ski}, J. and 
	{Lamb}, D.~Q. and {Leger}, R.~F. and {Limmongkol}, S. and {Lindenmeyer}, C. and 
	{Long}, D.~C. and {Loomis}, C. and {Loveday}, J. and {MacKinnon}, B. and 
	{Mannery}, E.~J. and {Mantsch}, P.~M. and {Margon}, B. and {McGehee}, P. and 
	{McKay}, T.~A. and {McLean}, B. and {Menou}, K. and {Merelli}, A. and 
	{Mo}, H.~J. and {Monet}, D.~G. and {Nakamura}, O. and {Narayanan}, V.~K. and 
	{Nash}, T. and {Neilsen}, E.~H. and {Newman}, P.~R. and {Nitta}, A. and 
	{Odenkirchen}, M. and {Okada}, N. and {Okamura}, S. and {Ostriker}, J.~P. and 
	{Owen}, R. and {Pauls}, A.~G. and {Peoples}, J. and {Peterson}, R.~S. and 
	{Petravick}, D. and {Pope}, A. and {Pordes}, R. and {Postman}, M. and 
	{Prosapio}, A. and {Quinn}, T.~R. and {Rechenmacher}, R. and 
	{Rivetta}, C.~H. and {Rix}, H. and {Rockosi}, C.~M. and {Rosner}, R. and 
	{Ruthmansdorfer}, K. and {Sandford}, D. and {Schneider}, D.~P. and 
	{Scranton}, R. and {Sekiguchi}, M. and {Sergey}, G. and {Sheth}, R. and 
	{Shimasaku}, K. and {Smee}, S. and {Snedden}, S.~A. and {Stebbins}, A. and 
	{Stubbs}, C. and {Szapudi}, I. and {Szkody}, P. and {Szokoly}, G.~P. and 
	{Tabachnik}, S. and {Tsvetanov}, Z. and {Uomoto}, A. and {Vogeley}, M.~S. and 
	{Voges}, W. and {Waddell}, P. and {Walterbos}, R. and {Wang}, S. and 
	{Watanabe}, M. and {Weinberg}, D.~H. and {White}, R.~L. and 
	{White}, S.~D.~M. and {Wilhite}, B. and {Wolfe}, D. and {Yasuda}, N. and 
	{York}, D.~G. and {Zehavi}, I. and {Zheng}, W.},
    title = "{Sloan Digital Sky Survey: Early Data Release}",
  journal = {\aj},
     year = 2002,
    month = jan,
   volume = 123,
    pages = {485-548},
   adsurl = {http://adsabs.harvard.edu/cgi-bin/nph-bib_query?bibcode=2002AJ....123..485S&db_key=AST},
  adsnote = {Provided by the NASA Astrophysics Data System}
}

% SDSS Main target selection
@ARTICLE{strauss_etal_02,
   author = {{Strauss}, M.~A. and {Weinberg}, D.~H. and {Lupton}, R.~H. and 
	{Narayanan}, V.~K. and {Annis}, J. and {Bernardi}, M. and {Blanton}, M. and 
	{Burles}, S. and {Connolly}, A.~J. and {Dalcanton}, J. and {Doi}, M. and 
	{Eisenstein}, D. and {Frieman}, J.~A. and {Fukugita}, M. and 
	{Gunn}, J.~E. and {Ivezi{\' c}}, {\v Z}. and {Kent}, S. and 
	{Kim}, R.~S.~J. and {Knapp}, G.~R. and {Kron}, R.~G. and {Munn}, J.~A. and 
	{Newberg}, H.~J. and {Nichol}, R.~C. and {Okamura}, S. and {Quinn}, T.~R. and 
	{Richmond}, M.~W. and {Schlegel}, D.~J. and {Shimasaku}, K. and 
	{SubbaRao}, M. and {Szalay}, A.~S. and {Vanden Berk}, D. and 
	{Vogeley}, M.~S. and {Yanny}, B. and {Yasuda}, N. and {York}, D.~G. and 
	{Zehavi}, I.},
    title = "{Spectroscopic Target Selection in the Sloan Digital Sky Survey: The Main Galaxy Sample}",
  journal = {\aj},
     year = 2002,
    month = sep,
   volume = 124,
    pages = {1810-1824},
   adsurl = {http://adsabs.harvard.edu/cgi-bin/nph-bib_query?bibcode=2002AJ....124.1810S&db_key=AST},
  adsnote = {Provided by the NASA Astrophysics Data System}
}

% SDSS P(k)
@ARTICLE{tegmark_etal_04a,
   author = {{Tegmark}, M. and {Blanton}, M.~R. and {Strauss}, M.~A. and 
	{Hoyle}, F. and {Schlegel}, D. and {Scoccimarro}, R. and {Vogeley}, M.~S. and 
	{Weinberg}, D.~H. and {Zehavi}, I. and {Berlind}, A. and {Budavari}, T. and 
	{Connolly}, A. and {Eisenstein}, D.~J. and {Finkbeiner}, D. and 
	{Frieman}, J.~A. and {Gunn}, J.~E. and {Hamilton}, A.~J.~S. and 
	{Hui}, L. and {Jain}, B. and {Johnston}, D. and {Kent}, S. and 
	{Lin}, H. and {Nakajima}, R. and {Nichol}, R.~C. and {Ostriker}, J.~P. and 
	{Pope}, A. and {Scranton}, R. and {Seljak}, U. and {Sheth}, R.~K. and 
	{Stebbins}, A. and {Szalay}, A.~S. and {Szapudi}, I. and {Verde}, L. and 
	{Xu}, Y. and {Annis}, J. and {Bahcall}, N.~A. and {Brinkmann}, J. and 
	{Burles}, S. and {Castander}, F.~J. and {Csabai}, I. and {Loveday}, J. and 
	{Doi}, M. and {Fukugita}, M. and {Gott}, J.~R.~I. and {Hennessy}, G. and 
	{Hogg}, D.~W. and {Ivezi{\' c}}, {\v Z}. and {Knapp}, G.~R. and 
	{Lamb}, D.~Q. and {Lee}, B.~C. and {Lupton}, R.~H. and {McKay}, T.~A. and 
	{Kunszt}, P. and {Munn}, J.~A. and {O'Connell}, L. and {Peoples}, J. and 
	{Pier}, J.~R. and {Richmond}, M. and {Rockosi}, C. and {Schneider}, D.~P. and 
	{Stoughton}, C. and {Tucker}, D.~L. and {Vanden Berk}, D.~E. and 
	{Yanny}, B. and {York}, D.~G.},
    title = "{The Three-Dimensional Power Spectrum of Galaxies from the Sloan Digital Sky Survey}",
  journal = {\apj},
     year = 2004,
    month = may,
   volume = 606,
    pages = {702-740},
   adsurl = {http://adsabs.harvard.edu/cgi-bin/nph-bib_query?bibcode=2004ApJ...606..702T&db_key=AST},
  adsnote = {Provided by the NASA Astrophysics Data System}
}

% SDSS P(k) cosmological parameters
@ARTICLE{tegmark_etal_04b,
   author = {{Tegmark}, M. and {Strauss}, M.~A. and {Blanton}, M.~R. and 
	{Abazajian}, K. and {Dodelson}, S. and {Sandvik}, H. and {Wang}, X. and 
	{Weinberg}, D.~H. and {Zehavi}, I. and {Bahcall}, N.~A. and 
	{Hoyle}, F. and {Schlegel}, D. and {Scoccimarro}, R. and {Vogeley}, M.~S. and 
	{Berlind}, A. and {Budavari}, T. and {Connolly}, A. and {Eisenstein}, D.~J. and 
	{Finkbeiner}, D. and {Frieman}, J.~A. and {Gunn}, J.~E. and 
	{Hui}, L. and {Jain}, B. and {Johnston}, D. and {Kent}, S. and 
	{Lin}, H. and {Nakajima}, R. and {Nichol}, R.~C. and {Ostriker}, J.~P. and 
	{Pope}, A. and {Scranton}, R. and {Seljak}, U. and {Sheth}, R.~K. and 
	{Stebbins}, A. and {Szalay}, A.~S. and {Szapudi}, I. and {Xu}, Y. and 
	{Annis}, J. and {Brinkmann}, J. and {Burles}, S. and {Castander}, F.~J. and 
	{Csabai}, I. and {Loveday}, J. and {Doi}, M. and {Fukugita}, M. and 
	{Gillespie}, B. and {Hennessy}, G. and {Hogg}, D.~W. and {Ivezi{\' c}}, {\v Z}. and 
	{Knapp}, G.~R. and {Lamb}, D.~Q. and {Lee}, B.~C. and {Lupton}, R.~H. and 
	{McKay}, T.~A. and {Kunszt}, P. and {Munn}, J.~A. and {O'Connell}, L. and 
	{Peoples}, J. and {Pier}, J.~R. and {Richmond}, M. and {Rockosi}, C. and 
	{Schneider}, D.~P. and {Stoughton}, C. and {Tucker}, D.~L. and 
	{vanden Berk}, D.~E. and {Yanny}, B. and {York}, D.~G.},
    title = "{Cosmological parameters from SDSS and WMAP}",
  journal = {\prd},
     year = 2004,
    month = may,
   volume = 69,
    number = 10,
    pages = {103501-+},
   adsurl = {http://adsabs.harvard.edu/cgi-bin/nph-bib_query?bibcode=2004PhRvD..69j3501T&db_key=AST},
  adsnote = {Provided by the NASA Astrophysics Data System}
}

% SDSS HOD
@ARTICLE{tinker_etal_05,
   author = {{Tinker}, J.~L. and {Weinberg}, D.~H. and {Zheng}, Z. and {Zehavi}, I.
	},
    title = "{On the Mass-to-Light Ratio of Large-Scale Structure}",
  journal = {\apj},
   eprint = {astro-ph/0411777},
     year = 2005,
    month = sep,
   volume = 631,
    pages = {41-58},
      doi = {10.1086/432084},
   adsurl = {http://adsabs.harvard.edu/cgi-bin/nph-bib_query?bibcode=2005ApJ...631...41T&db_key=AST},
  adsnote = {Provided by the Smithsonian/NASA Astrophysics Data System}
}

% Nbody halo MF
@ARTICLE{tinker_etal_08,
   author = {{Tinker}, J. and {Kravtsov}, A.~V. and {Klypin}, A. and {Abazajian}, K. and 
        {Warren}, M. and {Yepes}, G. and {Gottl{\"o}ber}, S. and {Holz}, D.~E.
        },
    title = "{Toward a Halo Mass Function for Precision Cosmology: The Limits of Universality}",
  journal = {\apj},
archivePrefix = "arXiv",
   eprint = {0803.2706},
 keywords = {Cosmology: Theory, Cosmology: Large-Scale Structure of Universe, Methods: Numerical},
     year = 2008,
    month = dec,
   volume = 688,
    pages = {709-728},
      doi = {10.1086/591439},
   adsurl = {http://adsabs.harvard.edu/abs/2008ApJ...688..709T},
  adsnote = {Provided by the SAO/NASA Astrophysics Data System}
}

% Distant red galaxies HOD
@ARTICLE{tinker_etal_10,
   author = {{Tinker}, J.~L. and {Wechsler}, R.~H. and {Zheng}, Z.},
    title = "{Interpreting the Clustering of Distant Red Galaxies}",
  journal = {\apj},
archivePrefix = "arXiv",
   eprint = {0902.1748},
 primaryClass = "astro-ph.CO",
 keywords = {galaxies: halos, galaxies: high-redshift, galaxies: statistics, large-scale structure of universe},
     year = 2010,
    month = jan,
   volume = 709,
    pages = {67-76},
      doi = {10.1088/0004-637X/709/1/67},
   adsurl = {http://adsabs.harvard.edu/abs/2010ApJ...709...67T},
  adsnote = {Provided by the SAO/NASA Astrophysics Data System}
}

% DEEP2, COMBO-17 HOD
@ARTICLE{tinker_wetzel_10,
   author = {{Tinker}, J.~L. and {Wetzel}, A.~R.},
    title = "{What does Clustering Tell us About the Buildup of the Red Sequence?}",
  journal = {\apj},
archivePrefix = "arXiv",
   eprint = {0909.1325},
 primaryClass = "astro-ph.CO",
 keywords = {cosmology: observations, galaxies: clusters: general},
     year = 2010,
    month = aug,
   volume = 719,
    pages = {88-103},
      doi = {10.1088/0004-637X/719/1/88},
   adsurl = {http://adsabs.harvard.edu/abs/2010ApJ...719...88T},
  adsnote = {Provided by the SAO/NASA Astrophysics Data System}
}

% COSMOS HOD
@ARTICLE{tinker_etal_13,
   author = {{Tinker}, J.~L. and {Leauthaud}, A. and {Bundy}, K. and {George}, M.~R. and 
	{Behroozi}, P. and {Massey}, R. and {Rhodes}, J. and {Wechsler}, R.~H.
	},
    title = "{Evolution of the Stellar-to-dark Matter Relation: Separating Star-forming and Passive Galaxies from z = 1 to 0}",
  journal = {\apj},
archivePrefix = "arXiv",
   eprint = {1308.2974},
 primaryClass = "astro-ph.CO",
 keywords = {cosmology: observations, galaxies: evolution, galaxies: halos},
     year = 2013,
    month = dec,
   volume = 778,
      eid = {93},
    pages = {93},
      doi = {10.1088/0004-637X/778/2/93},
   adsurl = {http://adsabs.harvard.edu/abs/2013ApJ...778...93T},
  adsnote = {Provided by the SAO/NASA Astrophysics Data System}
}

% LCRS groups
@ARTICLE{tucker_etal_00,
   author = {{Tucker}, D.~L. and {Oemler}, A.~J. and {Hashimoto}, Y. and 
	{Shectman}, S.~A. and {Kirshner}, R.~P. and {Lin}, H. and {Landy}, S.~D. and 
	{Schechter}, P.~L. and {Allam}, S.~S.},
    title = "{Loose Groups of Galaxies in the Las Campanas Redshift Survey}",
  journal = {\apjs},
     year = 2000,
    month = oct,
   volume = 130,
    pages = {237-265},
   adsurl = {http://adsabs.harvard.edu/cgi-bin/nph-bib_query?bibcode=2000ApJS..130..237T&db_key=AST},
  adsnote = {Provided by the NASA Astrophysics Data System}
}

% SDSS monitor telescope
@ARTICLE{tucker_etal_06,
   author = {{Tucker}, D.~L. and {Kent}, S. and {Richmond}, M.~W. and {Annis}, J. and 
	{Smith}, J.~A. and {Allam}, S.~S. and {Rodgers}, C.~T. and {Stute}, J.~L. and 
	{Adelman-McCarthy}, J.~K. and {Brinkmann}, J. and {Doi}, M. and 
	{Finkbeiner}, D. and {Fukugita}, M. and {Goldston}, J. and {Greenway}, B. and 
	{Gunn}, J.~E. and {Hendry}, J.~S. and {Hogg}, D.~W. and {Ichikawa}, S.-I. and 
	{Ivezi{\'c}}, {\v Z}. and {Knapp}, G.~R. and {Lampeitl}, H. and 
	{Lee}, B.~C. and {Lin}, H. and {McKay}, T.~A. and {Merrelli}, A. and 
	{Munn}, J.~A. and {Neilsen}, Jr., E.~H. and {Newberg}, H.~J. and 
	{Richards}, G.~T. and {Schlegel}, D.~J. and {Stoughton}, C. and 
	{Uomoto}, A. and {Yanny}, B.},
    title = "{The Sloan Digital Sky Survey monitor telescope pipeline}",
  journal = {Astronomische Nachrichten},
   eprint = {astro-ph/0608575},
     year = 2006,
   volume = 327,
    pages = {821-+},
      doi = {10.1002/asna.200610655},
   adsurl = {http://adsabs.harvard.edu/cgi-bin/nph-bib_query?bibcode=2006AN....327..821T&db_key=AST},
  adsnote = {Provided by the Smithsonian/NASA Astrophysics Data System}
}

% Early groups
@ARTICLE{tully_87,
   author = {{Tully}, R.~B.},
    title = "{Nearby groups of galaxies. II - an all-sky survey within 3000 kilometers per second}",
  journal = {\apj},
     year = 1987,
    month = oct,
   volume = 321,
    pages = {280-304},
   adsurl = {http://adsabs.harvard.edu/cgi-bin/nph-bib_query?bibcode=1987ApJ...321..280T&db_key=AST},
  adsnote = {Provided by the Smithsonian/NASA Astrophysics Data System}
}

% Early groups
@ARTICLE{turner_gott_76,
   author = {{Turner}, E.~L. and {Gott}, J.~R.},
    title = "{Groups of galaxies. I. A catalogue.}",
  journal = {\apjs},
     year = 1976,
    month = nov,
   volume = 32,
    pages = {409-427},
   adsurl = {http://adsabs.harvard.edu/cgi-bin/nph-bib_query?bibcode=1976ApJS...32..409T&db_key=AST},
  adsnote = {Provided by the Smithsonian/NASA Astrophysics Data System}
}

% CLF - like model
@ARTICLE{vale_ostriker_04,
   author = {{Vale}, A. and {Ostriker}, J.~P.},
    title = "{Linking halo mass to galaxy luminosity}",
  journal = {\mnras},
   eprint = {astro-ph/0402500},
 keywords = {galaxies: haloes, cosmology: theory, dark matter, large-scale structure of Universe},
     year = 2004,
    month = sep,
   volume = 353,
    pages = {189-200},
      doi = {10.1111/j.1365-2966.2004.08059.x},
   adsurl = {http://adsabs.harvard.edu/abs/2004MNRAS.353..189V},
  adsnote = {Provided by the SAO/NASA Astrophysics Data System}
}

% CLF for early and late types
@ARTICLE{vandenbosch_etal_03,
   author = {{van den Bosch}, F.~C. and {Yang}, X. and {Mo}, H.~J.},
    title = "{Linking early- and late-type galaxies to their dark matter haloes}",
  journal = {\mnras},
   eprint = {astro-ph/0210495},
 keywords = {galaxies: clusters: general, galaxies: formation, dark matter, large-scale structure of Universe},
     year = 2003,
    month = apr,
   volume = 340,
    pages = {771-792},
      doi = {10.1046/j.1365-8711.2003.06335.x},
   adsurl = {http://adsabs.harvard.edu/abs/2003MNRAS.340..771V},
  adsnote = {Provided by the SAO/NASA Astrophysics Data System}
}

% CLF first attempt to do cosmology
@ARTICLE{vandenbosch_etal_07,
   author = {{van den Bosch}, F.~C. and {Yang}, X. and {Mo}, H.~J. and {Weinmann}, S.~M. and 
	{Macci{\`o}}, A.~V. and {More}, S. and {Cacciato}, M. and {Skibba}, R. and 
	{Kang}, X.},
    title = "{Towards a concordant model of halo occupation statistics}",
  journal = {\mnras},
   eprint = {astro-ph/0610686},
 keywords = {methods: statistical, galaxies: formation, galaxies: fundamental parameters, galaxies: haloes, cosmological parameters, dark matter},
     year = 2007,
    month = apr,
   volume = 376,
    pages = {841-860},
      doi = {10.1111/j.1365-2966.2007.11493.x},
   adsurl = {http://adsabs.harvard.edu/abs/2007MNRAS.376..841V},
  adsnote = {Provided by the SAO/NASA Astrophysics Data System}
}

% 2SLAQ radio galaxy HOD
@ARTICLE{wake_etal_08,
   author = {{Wake}, D.~A. and {Croom}, S.~M. and {Sadler}, E.~M. and {Johnston}, H.~M.
	},
    title = "{The clustering of radio galaxies at z \~{}= 0.55 from the 2SLAQ LRG survey}",
  journal = {\mnras},
archivePrefix = "arXiv",
   eprint = {0810.1050},
 keywords = {galaxies: active , galaxies: clusters: general , galaxies: elliptical and lenticular, cD , cosmology: observations , large-scale structure of Universe , radio continuum: galaxies},
     year = 2008,
    month = dec,
   volume = 391,
    pages = {1674-1684},
      doi = {10.1111/j.1365-2966.2008.14039.x},
   adsurl = {http://adsabs.harvard.edu/abs/2008MNRAS.391.1674W},
  adsnote = {Provided by the SAO/NASA Astrophysics Data System}
}

% NEWFIRM HOD
@ARTICLE{wake_etal_11,
   author = {{Wake}, D.~A. and {Whitaker}, K.~E. and {Labb{\'e}}, I. and 
	{van Dokkum}, P.~G. and {Franx}, M. and {Quadri}, R. and {Brammer}, G. and 
	{Kriek}, M. and {Lundgren}, B.~F. and {Marchesini}, D. and {Muzzin}, A.
	},
    title = "{Galaxy Clustering in the NEWFIRM Medium Band Survey: The Relationship Between Stellar Mass and Dark Matter Halo Mass at 1 {\lt} z {\lt} 2}",
  journal = {\apj},
archivePrefix = "arXiv",
   eprint = {1012.1317},
 primaryClass = "astro-ph.CO",
 keywords = {cosmology: observations, galaxies: evolution, galaxies: formation, galaxies: halos, large-scale structure of universe},
     year = 2011,
    month = feb,
   volume = 728,
      eid = {46},
    pages = {46},
      doi = {10.1088/0004-637X/728/1/46},
   adsurl = {http://adsabs.harvard.edu/abs/2011ApJ...728...46W},
  adsnote = {Provided by the SAO/NASA Astrophysics Data System}
}

% Nbody code
@ARTICLE{warren_salmon_93,
   author = {{Warren}, M.~S. and {Salmon}, J.~K.},
    title = "{FOREST: A Parallel Treecode for Gravitational N-Body Simulations with up to 20 Million Particles}",
  journal = {in Supercomputing 1993 (Los Alamitos: IEEE, Comp. Sci.)},
     year = 1993,
    month = sep,
   volume = 12,
    pages = {},
   adsurl = {http://adsabs.harvard.edu/cgi-bin/nph-bib_query?bibcode=1991BAAS...23.1345W&db_key=AST},
  adsnote = {Provided by the Smithsonian/NASA Astrophysics Data System}
}

% Nbody halo MF
@ARTICLE{warren_etal_06,
   author = {{Warren}, M.~S. and {Abazajian}, K. and {Holz}, D.~E. and {Teodoro}, L.
	},
    title = "{Precision Determination of the Mass Function of Dark Matter Halos}",
  journal = {\apj},
   eprint = {astro-ph/0506395},
     year = 2006,
    month = aug,
   volume = 646,
    pages = {881-885},
      doi = {10.1086/504962},
   adsurl = {http://adsabs.harvard.edu/cgi-bin/nph-bib_query?bibcode=2006ApJ...646..881W&db_key=AST},
  adsnote = {Provided by the Smithsonian/NASA Astrophysics Data System}
}

% SDSS HOD
@ARTICLE{watson_etal_10,
   author = {{Watson}, D.~F. and {Berlind}, A.~A. and {McBride}, C.~K. and 
        {Masjedi}, M.},
    title = "{Modeling the Very Small Scale Clustering of Luminous Red Galaxies}",
  journal = {\apj},
archivePrefix = "arXiv",
   eprint = {0908.3678},
 primaryClass = "astro-ph.CO",
 keywords = {cosmology: theory, galaxies: elliptical and lenticular, cD, galaxies: fundamental parameters, large-scale structure of universe, methods: statistical, surveys},
     year = 2010,
    month = jan,
   volume = 709,
    pages = {115-119},
      doi = {10.1088/0004-637X/709/1/115},
   adsurl = {http://adsabs.harvard.edu/abs/2010ApJ...709..115W},
  adsnote = {Provided by the SAO/NASA Astrophysics Data System}
}

% HOD theory
@ARTICLE{watson_etal_11,
   author = {{Watson}, D.~F. and {Berlind}, A.~A. and {Zentner}, A.~R.},
    title = "{A Cosmic Coincidence: The Power-law Galaxy Correlation Function}",
  journal = {\apj},
archivePrefix = "arXiv",
   eprint = {1101.5155},
 primaryClass = "astro-ph.CO",
 keywords = {cosmology: theory, dark matter, galaxies: halos, galaxies: structure, large-scale structure of universe},
     year = 2011,
    month = sep,
   volume = 738,
      eid = {22},
    pages = {22},
      doi = {10.1088/0004-637X/738/1/22},
   adsurl = {http://adsabs.harvard.edu/abs/2011ApJ...738...22W},
  adsnote = {Provided by the SAO/NASA Astrophysics Data System}
}

% SDSS HOD
@ARTICLE{watson_etal_12,
   author = {{Watson}, D.~F. and {Berlind}, A.~A. and {McBride}, C.~K. and 
        {Hogg}, D.~W. and {Jiang}, T.},
    title = "{The Extreme Small Scales: Do Satellite Galaxies Trace Dark Matter?}",
  journal = {\apj},
archivePrefix = "arXiv",
   eprint = {1108.1195},
 primaryClass = "astro-ph.CO",
 keywords = {cosmology: theory, galaxies: fundamental parameters, large-scale structure of Universe
, methods: statistical, surveys},
     year = 2012,
    month = apr,
   volume = 749,
      eid = {83},
    pages = {83},
      doi = {10.1088/0004-637X/749/1/83},
   adsurl = {http://adsabs.harvard.edu/abs/2012ApJ...749...83W},
  adsnote = {Provided by the SAO/NASA Astrophysics Data System}
}

% Nbody halos
@ARTICLE{wechsler_etal_02,
   author = {{Wechsler}, R.~H. and {Bullock}, J.~S. and {Primack}, J.~R. and 
	{Kravtsov}, A.~V. and {Dekel}, A.},
    title = "{Concentrations of Dark Halos from Their Assembly Histories}",
  journal = {\apj},
   eprint = {astro-ph/0108151},
     year = 2002,
    month = mar,
   volume = 568,
    pages = {52-70},
      doi = {10.1086/338765},
   adsurl = {http://adsabs.harvard.edu/cgi-bin/nph-bib_query?bibcode=2002ApJ...568...52W&db_key=AST},
  adsnote = {Provided by the Smithsonian/NASA Astrophysics Data System}
}

% Nbody assembly bias
@ARTICLE{wechsler_etal_06,
   author = {{Wechsler}, R.~H. and {Zentner}, A.~R. and {Bullock}, J.~S. and 
	{Kravtsov}, A.~V. and {Allgood}, B.},
    title = "{The Dependence of Halo Clustering on Halo Formation History, Concentration, and Occupation}",
  journal = {\apj},
   eprint = {astro-ph/0512416},
 keywords = {Cosmology: Theory, Cosmology: Dark Matter, Galaxies: Formation, Galaxies: Halos, Cosmology: Large-Scale Structure of Universe, Methods: Numerical},
     year = 2006,
    month = nov,
   volume = 652,
    pages = {71-84},
      doi = {10.1086/507120},
   adsurl = {http://adsabs.harvard.edu/abs/2006ApJ...652...71W},
  adsnote = {Provided by the SAO/NASA Astrophysics Data System}
}

% SDSS groups
@ARTICLE{weinmann_etal_05,
   author = {{Weinmann}, S.~M. and {van den Bosch}, F.~C. and {Yang}, X. and 
	{Mo}, H.~J.},
    title = "{Properties of galaxy groups in the Sloan Digital Sky Survey - I. The dependence of colour, star formation and morphology on halo mass}",
  journal = {\mnras},
   eprint = {astro-ph/0509147},
     year = 2006,
    month = feb,
   volume = 366,
    pages = {2-28},
      doi = {10.1111/j.1365-2966.2005.09865.x},
   adsurl = {http://adsabs.harvard.edu/cgi-bin/nph-bib_query?bibcode=2006MNRAS.366....2W&db_key=AST},
  adsnote = {Provided by the Smithsonian/NASA Astrophysics Data System}
}

% Nbody halos
@ARTICLE{wetzel_etal_07,
   author = {{Wetzel}, A.~R. and {Cohn}, J.~D. and {White}, M. and {Holz}, D.~E. and 
	{Warren}, M.~S.},
    title = "{The Clustering of Massive Halos}",
  journal = {\apj},
   eprint = {astro-ph/0606699},
 keywords = {Cosmology: Theory, Cosmology: Dark Matter, Galaxies: Clusters: General, Methods: Numerical},
     year = 2007,
    month = feb,
   volume = 656,
    pages = {139-147},
      doi = {10.1086/510444},
   adsurl = {http://adsabs.harvard.edu/abs/2007ApJ...656..139W},
  adsnote = {Provided by the SAO/NASA Astrophysics Data System}
}

% Early galaxy formation theory
@ARTICLE{white_rees_78,
   author = {{White}, S.~D.~M. and {Rees}, M.~J.},
    title = "{Core condensation in heavy halos - A two-stage theory for galaxy formation and clustering}",
  journal = {\mnras},
 keywords = {ASTRONOMICAL MODELS, GALACTIC CLUSTERS, GALACTIC EVOLUTION, GALACTIC NUCLEI, GRAVITATIONAL EFFECTS, HALOS, CRITICAL MASS, DARK MATTER, DYNAMIC MODELS, INTERSTELLAR GAS, LUMINOSITY, MANY BODY PROBLEM, RED SHIFT},
     year = 1978,
    month = may,
   volume = 183,
    pages = {341-358},
   adsurl = {http://adsabs.harvard.edu/abs/1978MNRAS.183..341W},
  adsnote = {Provided by the SAO/NASA Astrophysics Data System}
}

% BOSS CMASS early clustering and HOD
@ARTICLE{white_etal_11,
   author = {{White}, M. and {Blanton}, M. and {Bolton}, A. and {Schlegel}, D. and 
        {Tinker}, J. and {Berlind}, A. and {da Costa}, L. and {Kazin}, E. and 
        {Lin}, Y.-T. and {Maia}, M. and {McBride}, C.~K. and {Padmanabhan}, N. and 
        {Parejko}, J. and {Percival}, W. and {Prada}, F. and {Ramos}, B. and 
        {Sheldon}, E. and {de Simoni}, F. and {Skibba}, R. and {Thomas}, D. and 
        {Wake}, D. and {Zehavi}, I. and {Zheng}, Z. and {Nichol}, R. and 
        {Schneider}, D.~P. and {Strauss}, M.~A. and {Weaver}, B.~A. and 
        {Weinberg}, D.~H.},
    title = "{The Clustering of Massive Galaxies at z \~{} 0.5 from the First Semester of BOSS Data}",
  journal = {\apj},
archivePrefix = "arXiv",
   eprint = {1010.4915},
 primaryClass = "astro-ph.CO",
 keywords = {large-scale structure of universe},
     year = 2011,
    month = feb,
   volume = 728,
      eid = {126},
    pages = {126},
      doi = {10.1088/0004-637X/728/2/126},
   adsurl = {http://adsabs.harvard.edu/abs/2011ApJ...728..126W},
  adsnote = {Provided by the SAO/NASA Astrophysics Data System}
}

% 2dF & DEEP2 HOD
@ARTICLE{yan_etal_03,
   author = {{Yan}, R. and {Madgwick}, D.~S. and {White}, M.},
    title = "{Constraining Evolution in the Halo Model Using Galaxy Redshift Surveys}",
  journal = {\apj},
   eprint = {astro-ph/0307248},
 keywords = {Cosmology: Theory, Galaxies: Halos, Galaxies: High-Redshift},
     year = 2003,
    month = dec,
   volume = 598,
    pages = {848-857},
      doi = {10.1086/379067},
   adsurl = {http://adsabs.harvard.edu/abs/2003ApJ...598..848Y},
  adsnote = {Provided by the SAO/NASA Astrophysics Data System}
}

% Original CLF paper
@ARTICLE{yang_etal_03,
   author = {{Yang}, X. and {Mo}, H.~J. and {van den Bosch}, F.~C.},
    title = "{Constraining galaxy formation and cosmology with the conditional luminosity function of galaxies}",
  journal = {\mnras},
   eprint = {astro-ph/0207019},
 keywords = {galaxies: clusters: general, galaxies: formation, cosmology: theory, dark matter, large-scale structure of Universe},
     year = 2003,
    month = mar,
   volume = 339,
    pages = {1057-1080},
      doi = {10.1046/j.1365-8711.2003.06254.x},
   adsurl = {http://adsabs.harvard.edu/abs/2003MNRAS.339.1057Y},
  adsnote = {Provided by the SAO/NASA Astrophysics Data System}
}

% CLF mocks
@ARTICLE{yang_etal_04,
   author = {{Yang}, X. and {Mo}, H.~J. and {Jing}, Y.~P. and {van den Bosch}, F.~C. and 
	{Chu}, Y.},
    title = "{Populating dark matter haloes with galaxies: comparing the 2dFGRS with mock galaxy redshift surveys}",
  journal = {\mnras},
   eprint = {astro-ph/0303524},
 keywords = {methods: statistical, galaxies: haloes, dark matter, large-scale structure of Universe},
     year = 2004,
    month = jun,
   volume = 350,
    pages = {1153-1173},
      doi = {10.1111/j.1365-2966.2004.07744.x},
   adsurl = {http://adsabs.harvard.edu/abs/2004MNRAS.350.1153Y},
  adsnote = {Provided by the SAO/NASA Astrophysics Data System}
}

% 2dF groups
@ARTICLE{yang_etal_05,
   author = {{Yang}, X. and {Mo}, H.~J. and {van den Bosch}, F.~C. and {Jing}, Y.~P.
	},
    title = "{A halo-based galaxy group finder: calibration and application to the 2dFGRS}",
  journal = {\mnras},
     year = 2005,
    month = feb,
   volume = 356,
    pages = {1293-1307},
   adsurl = {http://adsabs.harvard.edu/cgi-bin/nph-bib_query?bibcode=2005MNRAS.356.1293Y&db_key=AST},
  adsnote = {Provided by the Smithsonian/NASA Astrophysics Data System}
}

% 2dF group clustering
@ARTICLE{yang_etal_05b,
   author = {{Yang}, X. and {Mo}, H.~J. and {van den Bosch}, F.~C. and {Jing}, Y.~P.
	},
    title = "{The two-point correlation of galaxy groups: probing the clustering of dark matter haloes}",
  journal = {\mnras},
   eprint = {astro-ph/0406593},
     year = 2005,
    month = feb,
   volume = 357,
    pages = {608-618},
      doi = {10.1111/j.1365-2966.2005.08667.x},
   adsurl = {http://adsabs.harvard.edu/cgi-bin/nph-bib_query?bibcode=2005MNRAS.357..608Y&db_key=AST},
  adsnote = {Provided by the Smithsonian/NASA Astrophysics Data System}
}

% Assembly bias detection
@ARTICLE{yang_etal_06,
   author = {{Yang}, X. and {Mo}, H.~J. and {van den Bosch}, F.~C.},
    title = "{Observational Evidence for an Age Dependence of Halo Bias}",
  journal = {\apjl},
   eprint = {astro-ph/0509626},
     year = 2006,
    month = feb,
   volume = 638,
    pages = {L55-L58},
      doi = {10.1086/501069},
   adsurl = {http://adsabs.harvard.edu/cgi-bin/nph-bib_query?bibcode=2006ApJ...638L..55Y&db_key=AST},
  adsnote = {Provided by the Smithsonian/NASA Astrophysics Data System}
}

%SDSS DR4 group catalog
@ARTICLE{yang_etal_07,
   author = {{Yang}, X. and {Mo}, H.~J. and {van den Bosch}, F.~C. and {Pasquali}, A. and 
	{Li}, C. and {Barden}, M.},
    title = "{Galaxy Groups in the SDSS DR4. I. The Catalog and Basic Properties}",
  journal = {\apj},
archivePrefix = "arXiv",
   eprint = {0707.4640},
 keywords = {Cosmology: Dark Matter, Galaxies: Halos, Cosmology: Large-Scale Structure of Universe, Methods: Statistical},
     year = 2007,
    month = dec,
   volume = 671,
    pages = {153-170},
      doi = {10.1086/522027},
   adsurl = {http://adsabs.harvard.edu/abs/2007ApJ...671..153Y},
  adsnote = {Provided by the SAO/NASA Astrophysics Data System}
}

% SDSS
@ARTICLE{york_etal_00,
   author = {{York}, D.~G. and {Adelman}, J. and {Anderson}, J.~E. and {Anderson}, S.~F. and 
	{Annis}, J. and {Bahcall}, N.~A. and {Bakken}, J.~A. and {Barkhouser}, R. and 
	{Bastian}, S. and {Berman}, E. and {Boroski}, W.~N. and {Bracker}, S. and 
	{Briegel}, C. and {Briggs}, J.~W. and {Brinkmann}, J. and {Brunner}, R. and 
	{Burles}, S. and {Carey}, L. and {Carr}, M.~A. and {Castander}, F.~J. and 
	{Chen}, B. and {Colestock}, P.~L. and {Connolly}, A.~J. and 
	{Crocker}, J.~H. and {Csabai}, I. and {Czarapata}, P.~C. and 
	{Davis}, J.~E. and {Doi}, M. and {Dombeck}, T. and {Eisenstein}, D. and 
	{Ellman}, N. and {Elms}, B.~R. and {Evans}, M.~L. and {Fan}, X. and 
	{Federwitz}, G.~R. and {Fiscelli}, L. and {Friedman}, S. and 
	{Frieman}, J.~A. and {Fukugita}, M. and {Gillespie}, B. and 
	{Gunn}, J.~E. and {Gurbani}, V.~K. and {de Haas}, E. and {Haldeman}, M. and 
	{Harris}, F.~H. and {Hayes}, J. and {Heckman}, T.~M. and {Hennessy}, G.~S. and 
	{Hindsley}, R.~B. and {Holm}, S. and {Holmgren}, D.~J. and {Huang}, C. and 
	{Hull}, C. and {Husby}, D. and {Ichikawa}, S. and {Ichikawa}, T. and 
	{Ivezi{\' c}}, {\v Z}. and {Kent}, S. and {Kim}, R.~S.~J. and 
	{Kinney}, E. and {Klaene}, M. and {Kleinman}, A.~N. and {Kleinman}, S. and 
	{Knapp}, G.~R. and {Korienek}, J. and {Kron}, R.~G. and {Kunszt}, P.~Z. and 
	{Lamb}, D.~Q. and {Lee}, B. and {Leger}, R.~F. and {Limmongkol}, S. and 
	{Lindenmeyer}, C. and {Long}, D.~C. and {Loomis}, C. and {Loveday}, J. and 
	{Lucinio}, R. and {Lupton}, R.~H. and {MacKinnon}, B. and {Mannery}, E.~J. and 
	{Mantsch}, P.~M. and {Margon}, B. and {McGehee}, P. and {McKay}, T.~A. and 
	{Meiksin}, A. and {Merelli}, A. and {Monet}, D.~G. and {Munn}, J.~A. and 
	{Narayanan}, V.~K. and {Nash}, T. and {Neilsen}, E. and {Neswold}, R. and 
	{Newberg}, H.~J. and {Nichol}, R.~C. and {Nicinski}, T. and 
	{Nonino}, M. and {Okada}, N. and {Okamura}, S. and {Ostriker}, J.~P. and 
	{Owen}, R. and {Pauls}, A.~G. and {Peoples}, J. and {Peterson}, R.~L. and 
	{Petravick}, D. and {Pier}, J.~R. and {Pope}, A. and {Pordes}, R. and 
	{Prosapio}, A. and {Rechenmacher}, R. and {Quinn}, T.~R. and 
	{Richards}, G.~T. and {Richmond}, M.~W. and {Rivetta}, C.~H. and 
	{Rockosi}, C.~M. and {Ruthmansdorfer}, K. and {Sandford}, D. and 
	{Schlegel}, D.~J. and {Schneider}, D.~P. and {Sekiguchi}, M. and 
	{Sergey}, G. and {Shimasaku}, K. and {Siegmund}, W.~A. and {Smee}, S. and 
	{Smith}, J.~A. and {Snedden}, S. and {Stone}, R. and {Stoughton}, C. and 
	{Strauss}, M.~A. and {Stubbs}, C. and {SubbaRao}, M. and {Szalay}, A.~S. and 
	{Szapudi}, I. and {Szokoly}, G.~P. and {Thakar}, A.~R. and {Tremonti}, C. and 
	{Tucker}, D.~L. and {Uomoto}, A. and {Vanden Berk}, D. and {Vogeley}, M.~S. and 
	{Waddell}, P. and {Wang}, S. and {Watanabe}, M. and {Weinberg}, D.~H. and 
	{Yanny}, B. and {Yasuda}, N.},
    title = "{The Sloan Digital Sky Survey: Technical Summary}",
  journal = {\aj},
     year = 2000,
    month = sep,
   volume = 120,
    pages = {1579-1587},
   adsurl = {http://adsabs.harvard.edu/cgi-bin/nph-bib_query?bibcode=2000AJ....120.1579Y&db_key=AST},
  adsnote = {Provided by the NASA Astrophysics Data System}
}

% SDSS EDR clustering
@ARTICLE{zehavi_etal_02,
   author = {{Zehavi}, I. and {Blanton}, M.~R. and {Frieman}, J.~A. and {Weinberg}, D.~H. and 
	{Mo}, H.~J. and {Strauss}, M.~A. and {Anderson}, S.~F. and {Annis}, J. and 
	{Bahcall}, N.~A. and {Bernardi}, M. and {Briggs}, J.~W. and 
	{Brinkmann}, J. and {Burles}, S. and {Carey}, L. and {Castander}, F.~J. and 
	{Connolly}, A.~J. and {Csabai}, I. and {Dalcanton}, J.~J. and 
	{Dodelson}, S. and {Doi}, M. and {Eisenstein}, D. and {Evans}, M.~L. and 
	{Finkbeiner}, D.~P. and {Friedman}, S. and {Fukugita}, M. and 
	{Gunn}, J.~E. and {Hennessy}, G.~S. and {Hindsley}, R.~B. and 
	{Ivezi{\'c}}, {\v Z}. and {Kent}, S. and {Knapp}, G.~R. and 
	{Kron}, R. and {Kunszt}, P. and {Lamb}, D.~Q. and {Leger}, R.~F. and 
	{Long}, D.~C. and {Loveday}, J. and {Lupton}, R.~H. and {McKay}, T. and 
	{Meiksin}, A. and {Merrelli}, A. and {Munn}, J.~A. and {Narayanan}, V. and 
	{Newcomb}, M. and {Nichol}, R.~C. and {Owen}, R. and {Peoples}, J. and 
	{Pope}, A. and {Rockosi}, C.~M. and {Schlegel}, D. and {Schneider}, D.~P. and 
	{Scoccimarro}, R. and {Sheth}, R.~K. and {Siegmund}, W. and 
	{Smee}, S. and {Snir}, Y. and {Stebbins}, A. and {Stoughton}, C. and 
	{SubbaRao}, M. and {Szalay}, A.~S. and {Szapudi}, I. and {Tegmark}, M. and 
	{Tucker}, D.~L. and {Uomoto}, A. and {Vanden Berk}, D. and {Vogeley}, M.~S. and 
	{Waddell}, P. and {Yanny}, B. and {York}, D.~G.},
    title = "{Galaxy Clustering in Early Sloan Digital Sky Survey Redshift Data}",
  journal = {\apj},
   eprint = {astro-ph/0106476},
     year = 2002,
    month = may,
   volume = 571,
    pages = {172-190},
      doi = {10.1086/339893},
   adsurl = {http://adsabs.harvard.edu/cgi-bin/nph-bib_query?bibcode=2002ApJ...571..172Z&db_key=AST},
  adsnote = {Provided by the Smithsonian/NASA Astrophysics Data System}
}

% SDSS clustering
@ARTICLE{zehavi_etal_04,
   author = {{Zehavi}, I. and {Weinberg}, D.~H. and {Zheng}, Z. and {Berlind}, A.~A. and 
	{Frieman}, J.~A. and {Scoccimarro}, R. and {Sheth}, R.~K. and 
	{Blanton}, M.~R. and {Tegmark}, M. and {Mo}, H.~J. and {Bahcall}, N.~A. and 
	{Brinkmann}, J. and {Burles}, S. and {Csabai}, I. and {Fukugita}, M. and 
	{Gunn}, J.~E. and {Lamb}, D.~Q. and {Loveday}, J. and {Lupton}, R.~H. and 
	{Meiksin}, A. and {Munn}, J.~A. and {Nichol}, R.~C. and {Schlegel}, D. and 
	{Schneider}, D.~P. and {SubbaRao}, M. and {Szalay}, A.~S. and 
	{Uomoto}, A. and {York}, D.~G.},
    title = "{On Departures from a Power Law in the Galaxy Correlation Function}",
  journal = {\apj},
     year = 2004,
    month = jun,
   volume = 608,
    pages = {16-24},
   adsurl = {http://adsabs.harvard.edu/cgi-bin/nph-bib_query?bibcode=2004ApJ...608...16Z&db_key=AST},
  adsnote = {Provided by the NASA Astrophysics Data System}
}
A. Meiksin, D.J. Schlegel, D.P. Schneider, I. Szapudi, M. Tegmark, M.S. Vogeley, D.G. York (S

% SDSS DR2 clustering
@ARTICLE{zehavi_etal_05,
   author = {{Zehavi}, I. and {Zheng}, Z. and {Weinberg}, D.~H. and {Frieman}, J.~A. and
	{Berlind}, A.~A. and {Blanton}, M.~R. and {Scoccimarro}, R. and {Sheth}, R.~K. 
	and {Strauss}, M.~A. and {Kayo}, Y. and {Suto}, M. and {Fukugita}, M. and
	{Nakamura}, N.~A. and {Bahcall}, N.~A. and {Brinkmann}, J. and {Gunn}, J.~E. and
	{Hennessy}, G.~S. and {Ivezic}, Z. and {Knapp}, G.~R. and {Loveday}, J. and
	{Meiksin}, A. and {Schlegel}, D. and {Schneider}, D.~P. and {Szapudi}, I. and
	{Tegmark}, M. and {Vogeley}, M.~S. and {York}, D.~G.},
    title = "{The Luminosity and Color Dependence of the Galaxy Correlation Function}",
  journal = {\apj},
     year = 2005,
    month = jun,
   volume = 630,
    pages = {1},
   adsurl = {http://adsabs.harvard.edu/cgi-bin/nph-bib_query?bibcode=2004ApJ...608...16Z&db_key=AST},
  adsnote = {Provided by the NASA Astrophysics Data System}
}

% SDSS DR7 clustering
@ARTICLE{zehavi_etal_11,
   author = {{Zehavi}, I. and {Zheng}, Z. and {Weinberg}, D.~H. and {Blanton}, M.~R. and 
        {Bahcall}, N.~A. and {Berlind}, A.~A. and {Brinkmann}, J. and 
        {Frieman}, J.~A. and {Gunn}, J.~E. and {Lupton}, R.~H. and {Nichol}, R.~C. and 
        {Percival}, W.~J. and {Schneider}, D.~P. and {Skibba}, R.~A. and 
        {Strauss}, M.~A. and {Tegmark}, M. and {York}, D.~G.},
    title = "{Galaxy Clustering in the Completed SDSS Redshift Survey: The Dependence on Color and Luminosity}",
  journal = {\apj},
archivePrefix = "arXiv",
   eprint = {1005.2413},
 primaryClass = "astro-ph.CO",
 keywords = {cosmology: observations, cosmology: theory, galaxies: distances and redshifts, galaxies: halos, galaxies: statistics, large-scale structure of universe},
     year = 2011,
    month = jul,
   volume = 736,
      eid = {59},
    pages = {59},
      doi = {10.1088/0004-637X/736/1/59},
   adsurl = {http://adsabs.harvard.edu/abs/2011ApJ...736...59Z},
  adsnote = {Provided by the SAO/NASA Astrophysics Data System}
}

% Nbody halos
@ARTICLE{zentner_etal_05,
   author = {{Zentner}, A.~R. and {Berlind}, A.~A. and {Bullock}, J.~S. and 
	{Kravtsov}, A.~V. and {Wechsler}, R.~H.},
    title = "{The Physics of Galaxy Clustering. I. A Model for Subhalo Populations}",
  journal = {\apj},
     year = 2005,
    month = may,
   volume = 624,
    pages = {505-525},
   adsurl = {http://adsabs.harvard.edu/cgi-bin/nph-bib_query?bibcode=2005ApJ...624..505Z&db_key=AST},
  adsnote = {Provided by the NASA Astrophysics Data System}
}

% ZA
@ARTICLE{zel'dovich_70,
   author = {{Zel'dovich}, Y.~B.},
    title = "{Gravitational instability: An approximate theory for large density perturbations.}",
  journal = {\aap},
     year = 1970,
    month = mar,
   volume = 5,
    pages = {84-89},
   adsurl = {http://adsabs.harvard.edu/abs/1970A%26A.....5...84Z},
  adsnote = {Provided by the SAO/NASA Astrophysics Data System}
}

% Assembly bias theory
@ARTICLE{zentner_etal_14,
   author = {{Zentner}, A.~R. and {Hearin}, A.~P. and {van den Bosch}, F.~C.
	},
    title = "{Galaxy Assembly Bias: A Significant Source of Systematic Error in the Galaxy-Halo Relationship}",
  journal = {ArXiv e-prints},
archivePrefix = "arXiv",
   eprint = {1311.1818},
 keywords = {Astrophysics - Cosmology and Nongalactic Astrophysics},
     year = 2013,
    month = nov,
   adsurl = {http://adsabs.harvard.edu/abs/2013arXiv1311.1818Z},
  adsnote = {Provided by the SAO/NASA Astrophysics Data System}
}

% Nbody halos
@ARTICLE{zheng_etal_02,
   author = {{Zheng}, Z. and {Tinker}, J.~L. and {Weinberg}, D.~H. and {Berlind}, A.~A.
	},
    title = "{Do Distinct Cosmological Models Predict Degenerate Halo Populations?}",
  journal = {\apj},
     year = 2002,
    month = aug,
   volume = 575,
    pages = {617-633},
   adsurl = {http://adsabs.harvard.edu/cgi-bin/nph-bib_query?bibcode=2002ApJ...575..617Z&db_key=AST},
  adsnote = {Provided by the NASA Astrophysics Data System}
}

% Lyman break galaxy HOD
@ARTICLE{zheng_04,
   author = {{Zheng}, Z.},
    title = "{Interpreting the Observed Clustering of Red Galaxies at z \~{} 3}",
  journal = {\apj},
   eprint = {astro-ph/0307030},
 keywords = {Galaxies: Halos, Galaxies: High-Redshift, Cosmology: Large-Scale Structure of Universe},
     year = 2004,
    month = jul,
   volume = 610,
    pages = {61-68},
      doi = {10.1086/421542},
   adsurl = {http://adsabs.harvard.edu/abs/2004ApJ...610...61Z},
  adsnote = {Provided by the SAO/NASA Astrophysics Data System}
}

% HOD theory
@ARTICLE{zheng_etal_05,
   author = {{Zheng}, Z. and {Berlind}, A.~A. and {Weinberg}, D.~H. and {Benson}, A.~J. and 
        {Baugh}, C.~M. and {Cole}, S. and {Dav{\'e}}, R. and {Frenk}, C.~S. and 
        {Katz}, N. and {Lacey}, C.~G.},
    title = "{Theoretical Models of the Halo Occupation Distribution: Separating Central and Satellite Galaxies}",
  journal = {\apj},
   eprint = {arXiv:astro-ph/0408564},
 keywords = {Cosmology: Theory, Galaxies: Formation, Galaxies: Halos, Cosmology: Large-Scale Structure of Universe},
     year = 2005,
    month = nov,
   volume = 633,
    pages = {791-809},
      doi = {10.1086/466510},
   adsurl = {http://adsabs.harvard.edu/abs/2005ApJ...633..791Z},
  adsnote = {Provided by the SAO/NASA Astrophysics Data System}
}

% HOD model
@ARTICLE{zheng_etal_07,
   author = {{Zheng}, Z. and {Coil}, A.~L. and {Zehavi}, I.},
    title = "{Galaxy Evolution from Halo Occupation Distribution Modeling of DEEP2 and SDSS Galaxy Clustering}",
  journal = {\apj},
   eprint = {arXiv:astro-ph/0703457},
 keywords = {Cosmology: Observations, Galaxies: Distances and Redshifts, Galaxies: Evolution, Galaxies: Halos, Galaxies: Statistics, Cosmology: Large-Scale Structure of Universe},
     year = 2007,
    month = oct,
   volume = 667,
    pages = {760-779},
      doi = {10.1086/521074},
   adsurl = {http://adsabs.harvard.edu/abs/2007ApJ...667..760Z},
  adsnote = {Provided by the SAO/NASA Astrophysics Data System}
}

% SDSS LRG HOD
@ARTICLE{zheng_etal_09,
   author = {{Zheng}, Z. and {Zehavi}, I. and {Eisenstein}, D.~J. and {Weinberg}, D.~H. and 
	{Jing}, Y.~P.},
    title = "{Halo Occupation Distribution Modeling of Clustering of Luminous Red Galaxies}",
  journal = {\apj},
archivePrefix = "arXiv",
   eprint = {0809.1868},
 keywords = {cosmology: observations, galaxies: clusters: general, galaxies: elliptical and lenticular, cD, galaxies: evolution, galaxies: halos, galaxies: statistics},
     year = 2009,
    month = dec,
   volume = 707,
    pages = {554-572},
      doi = {10.1088/0004-637X/707/1/554},
   adsurl = {http://adsabs.harvard.edu/abs/2009ApJ...707..554Z},
  adsnote = {Provided by the SAO/NASA Astrophysics Data System}
}

% Early clusters
@ARTICLE{zwicky_37,
   author = {{Zwicky}, F.},
    title = "{On the Masses of Nebulae and of Clusters of Nebulae}",
  journal = {\apj},
     year = 1937,
    month = oct,
   volume = 86,
    pages = {217-+},
   adsurl = {http://adsabs.harvard.edu/cgi-bin/nph-bib_query?bibcode=1937ApJ....86..217Z&db_key=AST},
  adsnote = {Provided by the Smithsonian/NASA Astrophysics Data System}
}
